2332 3892
486 151 574 247 vm.¹
592 199 669 249 4—6.
975 204 1037 267 209

125 368 268 433 remissis
291 369 360 453 ipse
384 391 418 435 se
448 371 562 456 resipit
594 372 645 437 die
669 397 764 438 xxxx.
788 373 948 439 Bibracte.
994 376 1039 440 ibi
1063 405 1077 442 2

126 493 196 537 oum
213 472 265 536 ius
281 471 412 557 diceret,
436 473 599 560 Bituriges
619 475 660 539 ad
676 498 751 541 eum
766 477 893 561 legatos
908 479 1040 543 mittunt

126 576 285 671 auxilium
307 578 444 662 petitum
468 585 579 644 contra
600 578 768 666 Carnutes,
791 603 871 667 quos
894 584 1039 650 intulisse

124 680 250 745 bellum
279 681 339 746 sibi
368 685 594 767 querebantur.
640 706 703 769 qua
724 709 760 752 re
791 688 936 771 cognita,
968 710 1080 753 cume

127 782 196 849 dies
227 806 293 849 non
322 787 459 872 amplius
488 814 561 854 xvm
590 797 674 856 esset
703 799 864 875 moratus,
895 793 1042 879 legiones

126 914 186 954 xrv.
212 897 246 954 et
267 915 305 956 u.
330 893 368 956 ab
391 890 495 959 Arare
526 894 651 979 educit,
684 918 763 982 quas
794 897 839 960 ibi
871 897 1045 963 collocatas

127 996 298 1081 superiore
334 1000 565 1063 commentario
603 999 858 1066 demonstratum
889 1009 947 1067 est.
1000 1004 1044 1067 ita

129 1123 202 1166 cum
229 1101 352 1166 duabus
374 1104 555 1188 legionibus
571 1105 613 1169 ad
627 1105 872 1191 persequendos
889 1106 1046 1172 Carnutes

128 1205 353 1291 proficiscitur.

194 1311 237 1375 V.
273 1311 462 1377 Calamitate
487 1321 667 1378 ceterorum
698 1313 786 1377 ducti
811 1313 967 1377 Carnutes
992 1314 1046 1377 de·
1070 1343 1084 1379 1

130 1418 226 1482 sertis
248 1418 329 1482 vicis
354 1418 556 1503 oppidisque,
581 1440 661 1502 quae
685 1418 727 1482 ad
749 1419 978 1482 necessitatem
1000 1419 1047 1482 in·

131 1522 283 1587 colebant
298 1520 414 1606 (nuper
430 1523 517 1587 enim
533 1523 652 1590 devicti
668 1523 834 1607 complura
850 1522 1047 1605 amiserant),

132 1625 272 1710 dispersi
280 1627 477 1711 profugiunt.
499 1626 626 1710 Caesar,
638 1632 844 1710 erumpentes
857 1647 895 1690 eo
907 1628 1047 1690 maxime
1071 1651 1087 1688 2

132 1737 281 1815 tempore
304 1733 475 1796 acerrimas
490 1738 701 1816 tempestates
718 1752 791 1795 oum
806 1731 913 1794 subire
929 1731 1049 1794 milites

131 1835 250 1917 nollet,
274 1835 308 1900 in
332 1835 451 1920 oppido
477 1835 653 1901 Carnutum
677 1834 809 1899 Cenabo
834 1841 937 1899 castra
958 1837 1050 1918 ponit
1135 1834 1137 1839 ’

132 1947 230 2025 atque
269 1941 302 2004 in
340 1947 425 2004 tecta
459 1942 576 2025 partim
609 1940 776 2005 Gallorum
813 1940 930 2022 partim
968 1961 1049 2023 quae

133 2045 285 2109 celeriter
330 2045 513 2109 stramentis
555 2051 645 2108 erant
689 2041 892 2106 inaedificata
931 2043 1050 2107 milites

135 2149 284 2213 coniecit.
323 2149 447 2231 equites
470 2155 580 2212 tamen
602 2154 635 2211 et
658 2146 843 2211 auxiliarios
866 2145 993 2228 pedites
1017 2148 1050 2210 in
1074 2179 1089 2216 3

135 2274 249 2318 omnes
271 2261 380 2338 partes
402 2255 515 2336 mittit3
538 2275 599 2318 nec
614 2254 746 2334 frustra;
770 2273 845 2315 nam
860 2253 1050 2335 plerumque

133 2378 254 2442 magna
276 2359 397 2441 praeda
420 2360 516 2442 potiti
544 2365 758 2424 revertuntur.
805 2357 952 2441 oppressi
976 2355 1050 2421 Car·
1074 2388 1087 2424 s

133 2470 230 2527 nutes
259 2463 375 2526 hiemis
412 2463 616 2545 difficultate,
646 2469 769 2526 terrore
798 2460 947 2543 periculi,
979 2482 1051 2524 oum

133 2569 229 2632 tectis
260 2569 389 2652 expulsi
416 2568 505 2632 nullo
536 2569 608 2631 loco
640 2566 759 2630 diutius
791 2565 966 2630 consistere
997 2588 1050 2630 au·

134 2671 251 2735 derent
264 2692 325 2735 nec
341 2673 493 2737 silvarum
507 2672 669 2756 praesidio
686 2669 932 2754 tempestatibus
950 2669 1050 2733 duris·

137 2775 226 2839 simis
249 2776 317 2858 tegi
346 2782 494 2858 possent,
524 2796 641 2859 magna
663 2780 754 2857 parte
778 2773 896 2836 amissa
919 2793 1050 2837 suorum

136 2877 343 2963 dissipantur.

199 2983 259 3047 VI.
301 2966 419 3047 Caesar
450 2990 597 3068 tempore
630 2983 705 3048 anni
738 2981 942 3062 difficillimo,
978 3002 1083 3044 cumr

137 3087 213 3150 satis
235 3087 371 3152 haberet
388 3089 615 3153 convenientes
631 3110 744 3152 manus
760 3087 927 3170 dissipare,
952 3106 1049 3168 quan-

137 3195 267 3276 tumque
290 3192 324 3255 in
339 3193 474 3273 ratione,
497 3195 556 3258 sub
572 3200 699 3276 tempus
715 3193 911 3257 aestivorum
926 3191 1050 3253 nullum

139 3314 297 3359 summum
326 3296 449 3360 bellum
478 3318 574 3379 posse
608 3297 754 3378 conflari,
786 3294 820 3359 C.
853 3294 1050 3358 Trebonium

139 3419 207 3463 oum
246 3398 371 3465 duabus
402 3401 604 3485 legionibus,
638 3422 715 3484 quas
754 3422 863 3464 secum
899 3400 1050 3480 habebat,
