2332 3892
436 218 498 270 v11.
526 219 638 271 ss-sr.
929 223 989 289 109

98 412 124 454 :x
153 391 310 477 proximis
339 413 420 456 unus
448 393 606 456 iacentem
634 399 850 478 transgressus
874 395 990 459 eodem

98 497 137 560 ilo
153 516 287 559 munere
301 495 516 578 fungebatur,
534 495 648 560 eadem
665 496 788 561 ratione
805 499 988 562 exanimato

98 600 175 663 lteri
199 599 351 663 successit
373 599 484 661 tertius
500 604 532 662 et
547 599 641 663 tertio
664 605 804 681 quartus,
827 621 887 665 nec
901 601 989 684 prius
1011 629 1024 666 4

98 703 135 766 ue
167 709 217 766 est
245 723 264 765 a
292 702 582 786 propugnatoribus
605 722 724 767 vacuus
746 703 876 767 relictus
898 704 988 768 locus

98 827 181 890 tuam
209 805 361 868 restincto
391 825 509 888 aggere
539 811 634 889 atque
660 807 814 871 submotis
842 807 989 871 hostibus

98 912 153 975 uris
177 915 226 973 est
248 909 413 993 pugnandi
435 909 498 973 fact
485 915 547 973 t.us

145 1013 271 1078 XXVI.
309 1012 409 1094 Galli,
447 1011 534 1097 quod
569 1033 621 1076 res
658 1014 746 1079 nulla
783 1022 989 1098 successerat,
1010 1038 1024 1078 r

98 1124 211 1183 ostero
242 1116 294 1181 die
324 1116 492 1181 consilium
522 1123 675 1201 oeperunt
705 1138 746 1181 ex
773 1118 892 1202 oppido
914 1140 989 1202 pro-

98 1241 193 1305 ugere
228 1220 448 1284 hortantte
415 1226 448 1284 et
478 1220 608 1285 iubente
575 1220 923 1306 tVeroingetorige:
954 1221 1024 1286 ida

96 1323 209 1387 ilentio
231 1323 335 1387 noctis
356 1343 422 1388 non
443 1344 560 1408 magna
574 1325 695 1388 iactura
710 1346 841 1389 suorum
856 1326 988 1390 effectu·

98 1448 134 1493 os
181 1426 369 1510 sperabant,
411 1434 584 1511 propterea
622 1426 709 1511 quod
744 1448 849 1512 neque
890 1429 988 1513 longe

98 1532 119 1596 b
152 1531 271 1615 oppido
303 1536 419 1612 castra,
449 1535 482 1593 et
516 1530 608 1614 palus
646 1551 728 1615 quae
756 1530 988 1614 intercedebat,

98 1635 248 1700 tomanos
270 1632 312 1696 ad
334 1632 570 1716 insequendum
584 1633 739 1698 tardabat.
777 1634 903 1718 iamque
926 1634 1024 1699 hoca

98 1757 184 1802 acere
222 1742 320 1801 noctu
351 1737 565 1821 apparabant,
597 1759 670 1801 oum
700 1744 818 1801 matres
847 1738 988 1803 familiae

98 1845 213 1926 epente
235 1841 269 1904 in
290 1840 454 1924 publicum
476 1847 702 1924 procurrerunt
722 1844 899 1926 flentesque
914 1864 989 1927 pro-

98 1951 181 2009 retae
205 1942 247 2006 ad
274 1943 375 2028 pedes
406 1965 536 2008 suorum
566 1944 713 2008 omnibus
735 1944 884 2028 precibus
905 1946 988 2029 peti·

98 2053 189 2128 runt,
218 2065 260 2109 ne
290 2048 324 2108 se
354 2051 387 2108 et
416 2065 600 2110 communes
629 2045 748 2109 liberos
777 2045 923 2109 hostibus
946 2045 988 2109 ad

98 2149 273 2235 upplicium
295 2147 466 2230 dederent,
497 2169 576 2233 quos
605 2148 647 2212 ad
670 2149 859 2233 capiendam
878 2148 988 2233 fugam

98 2261 213 2319 ‚aturae
243 2257 276 2316 et
303 2253 420 2317 virium
448 2252 614 2316 infirmitas
637 2251 808 2336 inpediret.
853 2252 909 2315 ubi
932 2271 1021 2316 eosr

98 2356 296 2422 nsententia
323 2361 466 2440 perstare
495 2355 661 2437 viderunt,
690 2354 777 2437 quod
798 2354 987 2439 plerumque

98 2479 259 2525 rsummo
283 2459 425 2542 periculo
451 2459 546 2522 timor
576 2457 829 2521 misericordiam
850 2479 916 2521 non
938 2477 988 2521 re·

97 2564 167 2649 ipit,
191 2562 390 2627 conclamare
415 2568 447 2626 et
469 2561 647 2645 significare
672 2559 711 2623 de
734 2560 811 2644 fuga
832 2559 988 2624 Romanis

99 2672 267 2751 oeperunt.
318 2685 380 2749 quo
410 2665 525 2729 timore
552 2662 714 2748 perterriti
743 2662 844 2744 Galli,
875 2683 916 2726 ne
946 2663 1022 2726 abs

101 2771 226 2855 quitatu
240 2768 461 2833 Romanorum
482 2767 554 2832 viae
569 2771 890 2850 praeoccuparentur,
914 2788 988 2831 oon·

98 2874 152 2938 ilio
178 2871 378 2935 destiterunt.

144 2974 288 3040 XXVII.
325 2975 461 3039 Postero
501 2973 552 3038 die
586 2973 704 3038 Caesar
733 2978 882 3056 promota
908 2973 1020 3035 turri1

98 3079 301 3162 »effectisque
328 3078 478 3163 operibus
506 3097 623 3160 magno
653 3082 763 3140 coorto
792 3074 893 3138 imbre
922 3095 987 3137 non

98 3183 229 3248 nutilem
250 3182 333 3245 hanc
355 3179 395 3244 ad
418 3179 608 3263 capiendum
632 3179 799 3243 consilium
814 3184 986 3259 tempesta-

99 3306 149 3350 em
171 3285 341 3350 arbitratus
363 3283 450 3368 quod
472 3283 566 3366 paulo
590 3283 747 3346 incautius
771 3280 931 3345 custodias
953 3282 986 3344 in

98 3411 174 3454 uuro
198 3387 369 3472 dispositas
390 3387 530 3467 videbat,
555 3407 629 3449 suos
652 3406 779 3468 quoque
802 3384 986 3467 languidius

776 3484 832 3538 ro*
