2332 3892
495 245 530 295 v.
555 246 668 295 sa-ra.
809 205 812 210 ’
974 249 1031 309 121

125 415 167 480 de
191 415 277 480 vallo
304 413 478 481 decederet
501 436 613 498 nemo,
648 416 707 481 sed
735 439 838 502 paene
861 438 901 483 ne
932 419 1034 501 respi-

125 525 215 585 ceret
244 517 375 603 quidem
399 519 584 603 quisquam,
619 519 661 602 ad
682 540 783 584 unum
806 541 917 584 omnes
946 538 1063 585 acer-⁸

125 623 206 687 rime
244 621 480 707 fortissimeque
510 627 701 706 pugnarent.
745 622 876 706 paulum
906 622 1069 708 quidemr

124 725 309 792 intermissa
339 725 467 788 flamma
488 730 521 789 et
552 724 694 809 quodam
725 725 798 789 loco
821 727 901 789 turri
923 725 1037 789 adacta

126 829 337 911 contingente
370 828 509 909 vallum,
542 828 656 893 tertiae
695 828 836 892 cohortis
877 829 1035 893 centurio-

124 951 185 996 nes
227 935 432 996 recesserunt
453 950 614 1015 ,suosque
660 950 771 994 omnes
810 936 1035 996 removerunt:

125 1039 207 1098 nutu
235 1032 432 1117 vocibusque
461 1033 587 1113 hostes,
614 1032 642 1095 si
667 1032 799 1098 introire
821 1035 952 1117 vellent,
977 1055 1034 1099 vo·

125 1156 219 1217 care;
244 1155 380 1218 quorum
395 1134 549 1218 progredi
569 1155 664 1200 ausus
687 1141 736 1200 est
750 1157 858 1202 nemo.
901 1143 970 1200 tum
993 1159 1070 1202 exc

127 1239 216 1304 omni
237 1245 329 1323 parte
357 1238 517 1322 lapidibus
550 1239 705 1303 coniectis
737 1239 899 1304 deturbati
924 1241 1034 1304 turris-

126 1363 190 1428 que
213 1363 368 1408 succensa
390 1347 448 1406 est.

193 1443 314 1509 XLIV.
355 1443 456 1509 Ilrant
483 1445 518 1507 in
547 1464 586 1508 ea
613 1444 743 1527 legione
771 1444 936 1508 fortissimi
966 1445 1069 1527 viri,1

127 1547 345 1630 centuriones,
360 1547 415 1631 qui
428 1546 538 1630 primis
556 1547 720 1611 ordinibus
732 1547 1035 1633 adpropinquarent,

126 1650 164 1715 Τ.
187 1649 284 1714 Pulio
309 1654 342 1714 et
363 1649 401 1713 L.
423 1649 583 1714 Vorenus.
629 1650 664 1714 hi
688 1658 860 1734 perpetuas
888 1653 972 1715 inter
1001 1649 1070 1716 se2

127 1753 363 1819 controversias
384 1751 547 1816 habebant
569 1752 780 1837 omnibusque
802 1754 891 1817 annis
904 1755 1036 1817 summis

125 1855 343 1921 simultatibus
374 1853 621 1919 contendebant.
667 1875 709 1919 ex
738 1855 788 1918 his
817 1856 930 1938 Pulio,
962 1868 1070 1920 cumr

70 1971 73 1975 ’
126 1959 283 2025 acerrime
297 1963 505 2043 pugnaretur,
522 1958 609 2042 ,quid
620 1957 1035 2042 dubites‘inquit,Vorene?

126 2069 185 2126 aut
206 2081 303 2145 quem
324 2060 432 2124 locum
454 2058 640 2143 probandae
654 2061 788 2143 ,virtutis
810 2065 957 2145 spectas?
983 2063 1035 2126 hic

127 2166 199 2230 dies
222 2163 262 2228 de
278 2163 396 2227 nostris
412 2162 636 2227 controversiis
652 2161 824 2227 iudicabit‘.
860 2164 940 2230 hacc
963 2186 1035 2229 cum
1057 2192 1070 2230 r

128 2268 274 2349 dixisset,
295 2266 455 2352 procedit,
478 2285 624 2350 quaeque
647 2265 880 2330 confertissima
902 2272 951 2331 est
972 2269 1035 2350 via,

126 2371 293 2455 inrumpit.
325 2390 367 2434 ne
382 2370 531 2434 Vorenus
547 2368 678 2452 quidem
693 2390 764 2434 sese
780 2370 865 2434 vallo
882 2371 1035 2453 continet,
1057 2396 1070 2434 s

127 2474 188 2538 sed
219 2473 362 2540 omnium
384 2472 505 2539 veritus
537 2471 806 2537 existimationem
835 2472 1036 2558 subsequitur

128 2577 287 2643 mediocri
308 2575 411 2660 spatio
433 2575 557 2640 relicto.
593 2574 687 2638 Pulio
703 2574 802 2659 pilum
820 2577 917 2639 mittit
939 2581 1035 2661 atque
1056 2601 1069 2639 r

128 2703 230 2746 unum
252 2702 295 2745 ex
316 2678 519 2744 multitudine
542 2683 785 2762 procurrentem
807 2679 927 2760 traicit;
950 2680 1035 2743 hunc

129 2784 228 2848 scutis
259 2787 447 2867 protegunt,
478 2781 512 2845 in
540 2781 629 2844 illum
658 2782 725 2845 tela
749 2782 909 2847 coniciunt
929 2802 1035 2866 neque

131 2887 209 2951 dant
222 2884 391 2969 gradiendi
404 2884 598 2949 facultatem.
623 2884 818 2968 transfigitur
833 2891 958 2949 scutum
970 2885 1034 2948 Pu·
1057 2908 1070 2948 a

130 2991 210 3055 lioni
226 2996 259 3055 et
273 2996 420 3054 verutum
435 2991 468 3052 in
482 2989 590 3053 balteo
605 2987 762 3072 defigitur.
785 2989 901 3052 avertit
916 2988 968 3052 hic
983 3009 1035 3052 ca·
1057 3011 1069 3050 s

134 3114 186 3157 sus
201 3092 351 3176 vaginam
372 3096 405 3157 et
423 3090 566 3174 gladium
586 3090 723 3156 educere
742 3090 870 3155 conanti
889 3090 1035 3155 dextram

110 3179 277 3260 'moratur
308 3215 438 3259 manum
465 3195 707 3279 inpeditumque
736 3195 845 3260 hostes
873 3195 1034 3259 circumsi-

136 3306 231 3364 stunt.
254 3300 351 3362 currit
365 3299 509 3363 inimicus
524 3299 570 3362 illi
578 3300 730 3363 Vorenus
746 3304 778 3364 et
789 3298 946 3363 laboranti
961 3299 1034 3362 sub·
1056 3320 1070 3358 o

137 3404 231 3466 venit.
255 3401 392 3466 adhunc
405 3423 439 3466 se
452 3402 620 3467 confestim
633 3402 797 3465 aPulione
813 3401 915 3465 omnis
928 3401 1033 3464 multi·
1043 3421 1069 3461 ro
