2332 3892
157 223 220 286 126
528 222 563 272 v,
589 223 700 277 oa-oo.

155 394 352 481 paludesque
390 394 650 475 intercedebant,
689 392 848 458 omnibus
873 392 939 456 suis
977 391 1065 457 inco·

122 502 294 566 alaminus
317 501 434 567 eodem
465 500 517 565 die
541 500 584 564 ad
607 500 799 565 Ciceronem
822 499 981 583 pervenit.
1017 499 1064 562 in-

155 604 281 670 stitutas
303 611 418 687 turres,
442 603 621 669 testudines
643 603 902 687 munitionesque
923 602 1065 666 hostium

156 709 348 790 admiratur,
394 707 561 792 cognoscit
604 727 669 770 non
708 705 868 771 decimum
905 727 1065 792 quemque

121 824 228 879 ³-cssc
250 813 386 877 militem
410 812 479 875 sinc
508 811 658 875 vulnere:
688 830 731 874 ex
759 809 809 873 his
841 808 989 873 omnibus
1017 811 1064 874 iu·

158 916 260 999 dicat,
293 921 411 1001 quanto
449 937 522 979 cum
553 914 698 998 periculo
732 919 765 978 et
798 920 917 998 quanta
947 915 1064 980 virtute

121 1029 209 1087 4res
245 1020 308 1085 sint
351 1018 604 1084 administratae.
658 1018 850 1083 Ciceronem
891 1040 951 1103 pro
997 1020 1065 1085 eius

156 1123 271 1189 merito
298 1123 526 1207 legionemque
549 1120 737 1203 conlaudat;
768 1121 972 1188 centuriones
1004 1124 1065 1187 sin·

116 1280 118 1284 ,
156 1227 292 1312 gillotim
324 1226 533 1310 tribunosque
565 1224 704 1288 militum
736 1225 896 1309 appellat,
929 1246 1065 1310 quorum

156 1331 322 1415 ogregiam
353 1329 506 1393 virtutem
529 1327 715 1393 testimonio
748 1328 913 1393 Ciceronis
946 1351 1065 1414 cogno·

151 1440 257 1498 rent.
300 1431 343 1496 do
376 1452 452 1495 casu
482 1430 593 1495 Sabini
626 1437 659 1495 et
691 1430 806 1496 Cottae
839 1434 957 1498 certius
989 1457 1064 1521 cog·

121 1538 269 1602 ‘noscit
318 1539 452 1620 postero
489 1533 541 1598 dia
579 1535 729 1600 contione
757 1535 867 1601 habita
902 1558 973 1603 rem
1008 1560 1064 1623 ge-

157 1646 239 1705 stam
260 1638 431 1724 proponit,
460 1636 578 1724 milites
608 1638 792 1702 consolatur
824 1646 857 1703 ct
884 1642 1065 1708 confirmat:

118 1746 136 1813 „⁶
157 1740 246 1826 qnod
276 1739 506 1805 detrimentum
529 1738 623 1823 culpa
646 1745 679 1806 et
700 1741 881 1807 temeritate
904 1744 1004 1827 legati
1027 1746 1068 1809 sit

158 1848 341 1928 acceptum
376 1841 441 1904 hoc
472 1842 625 1926 aequiore
657 1844 763 1906 animo
801 1845 972 1910 ferundum
1010 1848 1067 1913 do·

157 1953 230 2029 ost,
248 1945 338 2030 quod
357 1944 515 2009 beneficio
540 1945 677 2010 deorum
698 1945 928 2013 immortalium
951 1955 984 2014 et
1005 1952 1068 2015 vir·

155 2059 225 2117 tute
259 2070 371 2116 eorum
402 2049 532 2133 expiato
563 2050 769 2114 incommodo
793 2073 898 2136 neque
921 2053 1068 2121 hostibus

157 2155 282 2221 diutina
309 2153 439 2220 laetatio
465 2174 571 2238 neque
595 2154 673 2238 ipsis
696 2154 824 2238 longior
853 2156 947 2221 dolor
968 2135 1067 2224 relin-

157 2266 283 2346 quatur.
718 2334 719 2338 Ἰ
1026 2326 1029 2332 ,
1066 2301 1075 2317 ·

122 2377 152 2416 ι’
221 2360 312 2426 LIII.
347 2359 481 2425 Interim
510 2360 552 2424 ad
580 2359 758 2425 Labienum
779 2362 958 2428 incredibili
981 2368 1067 2432 cele·

155 2468 251 2531 ritate
274 2466 315 2530 dc
337 2465 472 2546 victoria
495 2463 642 2528 Caesaris
664 2465 839 2549 perfertur,
861 2473 907 2549 ut,
931 2489 1004 2532 cum
1026 2471 1067 2536 ab

157 2570 299 2635 hibernis
316 2569 481 2635 Ciceronis
496 2568 584 2631 milia
598 2589 750 2652 passuum
766 2569 892 2634 abesset
906 2595 946 2636 ux
962 2593 1068 2656 eoque

156 2679 232 2760 post
251 2673 367 2738 boram
387 2691 507 2735 nonam
530 2670 595 2735 dici
618 2671 737 2735 Caesar
759 2673 969 2756 pervenisset,
991 2683 1067 2742 ante

156 2777 298 2843 madiam
333 2779 464 2839 noctem
501 2773 543 2836 ad
585 2779 695 2858 portas
733 2781 909 2839 castrorum
946 2777 1069 2843 clamor

122 2885 304 2946 moreretur
325 2877 481 2942 victoriae
509 2877 747 2962 gratulatioque
777 2879 816 2941 ab
839 2878 962 2943 Remis.
1006 2880 1069 2946 hac

155 2986 243 3050 fama
278 2981 321 3047 ad
354 2981 519 3061 Treveros
553 2981 678 3064 perlata
716 2980 977 3065 Indutiomarus,
1013 2985 1069 3066 qui

156 3093 287 3174 postero
311 3085 365 3150 dic
388 3090 491 3149 castra
504 3085 640 3150 Labieni
663 3104 851 3169 oppugnare
870 3085 1068 3171 decreverat,

156 3196 255 3255 noctu
278 3187 420 3275 profugit
443 3189 616 3273 copiasque
646 3209 757 3253 omnes
779 3189 813 3252 in
833 3189 994 3254 Treveros
1015 3213 1068 3256 re·

122 3323 136 3361 o
159 3293 256 3358 ducit.
295 3291 413 3356 Caesar
428 3291 564 3356 Fabium
587 3310 660 3354 curn
679 3291 808 3375 legions
831 3292 975 3375 remittit,
997 3293 1069 3378 ipse

157 3415 231 3458 cum
243 3393 346 3459 tribus
367 3394 548 3478 legionibus
571 3394 690 3457 circum
704 3393 962 3459 Samarobrivam
976 3396 1070 3461 trinis
