2332 3892
407 218 485 268 vm.
513 220 626 270 oc-m.
911 222 973 285 233

58 392 162 451 tatem
194 388 256 452 sibi
288 389 426 474 aliquam
458 391 581 476 imponi
609 391 688 456 belli
718 392 870 477 gerendi,
904 415 976 457 cum

60 492 242 556 exercitum
280 492 476 558 deducturus
509 502 604 560 esset.
659 497 767 581 itaque
799 496 1011 560 honorifices

60 597 207 661 civitates
230 599 442 682 appellando,
472 600 632 685 principes
654 601 804 664 maximis
826 600 977 685 praemiis

59 701 253 786 adficiendo,
278 702 437 768 defessam
460 709 509 768 tot
531 704 673 770 adversis
689 705 821 790 proeliis
839 704 977 767 Galliam

60 805 251 870 condicione
266 807 400 891 parendi
415 807 549 873 meliore
565 807 658 872 facile
671 809 704 871 in
716 829 795 892 pace
809 806 976 871 continuit.

124 911 163 977 L.
186 910 261 995 Ipse
276 911 418 974 hibernis
434 911 572 995 peractis
584 918 696 975 contra
708 910 976 976 consuetudinem
999 922 1010 958 1

59 1015 93 1079 in
112 1014 242 1078 Italiam
265 1035 360 1099 quarn
382 1015 531 1078 maximis
553 1015 723 1079 itineribus
740 1020 788 1079 est
803 1015 976 1099 profectus,

59 1123 94 1181 ut
109 1117 285 1201 municipia
301 1123 333 1182 et
349 1118 491 1182 colonias
506 1120 692 1203 appellaret,
716 1119 831 1203 quibus
846 1120 890 1184 M.
908 1118 976 1182 An-

59 1223 151 1304 tonii,
174 1223 353 1307 quaestoris
369 1224 428 1306 sui,
445 1224 688 1288 commendaret
705 1223 879 1288 sacerdotii
893 1223 977 1308 peti·

59 1329 194 1394 tionem.
244 1329 461 1394 contendebat
492 1331 576 1393 enim
607 1331 711 1414 gratia
741 1352 812 1394 cum
839 1330 1011 1395 libentera

59 1455 118 1520 pro
141 1434 275 1498 homine
298 1435 358 1498 sibi
375 1435 636 1498 coniunctissimo
662 1433 773 1519 (quem
788 1435 884 1518 paulo
902 1439 976 1497 ante

60 1538 285 1624 praemiserat)
309 1544 377 1602 tum
401 1539 517 1603 acriter
541 1545 652 1603 contra
673 1539 847 1603 factionem
871 1543 903 1601 et
918 1557 976 1621 po-

61 1642 197 1706 tentiam
219 1663 406 1726 paucorum,
430 1643 485 1727 qui
499 1642 635 1707 Antonii
649 1644 813 1727 repulsam
830 1641 976 1706 Caesaris

62 1745 251 1811 decedentis
277 1748 380 1829 gratia
402 1747 583 1831 cupiebant.
628 1748 714 1810 hunc
738 1747 798 1811 etsi
822 1757 1010 1828 augurem³

60 1851 148 1935 prius
177 1849 297 1915 factum
327 1872 422 1935 quam
444 1850 573 1916 Italiam
602 1852 777 1936 attingeret
805 1852 839 1913 in
860 1851 977 1915 itinere

60 1954 158 2037 audit,
183 1960 293 2019 tamen
314 1975 380 2019 non
402 1957 506 2020 minus
523 1957 638 2020 iustam
654 1956 714 2020 sibi
729 1976 856 2019 causam
872 1954 976 2016 muni-

61 2058 142 2142 cipia
159 2063 193 2122 et
208 2059 352 2123 colonias
368 2059 509 2123 adeundi
525 2060 730 2141 existimavit,
754 2065 790 2121 ut
806 2059 843 2121 iis
859 2058 977 2140 gratias

61 2167 192 2245 ageret,
225 2161 312 2245 quod
343 2161 559 2246 frequentiam
588 2168 683 2247 atque
715 2162 853 2226 officium
884 2183 977 2225 suum

60 2264 205 2329 Antonio
228 2265 478 2349 praestitissent,
509 2265 604 2330 simul
627 2266 785 2330 honorem
809 2287 902 2328 suum
925 2286 975 2329 se·
1001 2282 1014 2319 4

61 2371 188 2455 quentis
219 2370 293 2433 anni
323 2370 580 2453 commendaret,
609 2377 783 2455 propterea
808 2369 895 2453 quod
919 2369 976 2432 ad·

60 2474 194 2540 versarii
217 2474 266 2538 sui
288 2474 504 2558 gloriarentur
527 2474 564 2538 L.
584 2473 757 2537 Lentulum
781 2480 814 2538 et
838 2473 874 2537 C.
891 2472 977 2536 Mar·

61 2578 179 2644 cellum
202 2578 352 2643 consules
375 2586 511 2660 creatos,
536 2579 589 2663 qui
614 2601 744 2644 omnem
766 2581 925 2643 honorem
945 2585 978 2642 et

62 2682 253 2767 dignitatem
262 2681 409 2747 Caesaris
420 2685 606 2769 spoliarent,
617 2690 765 2768 ereptum
773 2683 842 2748 Ser.
854 2683 976 2746 Galbae

64 2786 282 2868 consulatum,
312 2808 385 2851 cum
415 2787 441 2851 is
468 2788 569 2851 multo
593 2788 665 2872 plus
688 2788 792 2872 gratia
814 2787 978 2867 valuisset,

62 2890 147 2974 quod
170 2889 233 2954 sibi
255 2891 443 2955 coniunctus
460 2892 675 2955 familiaritate
692 2892 863 2975 legationis
880 2896 975 2954 esset.

121 2994 180 3060 LI.
213 2994 379 3079 Exceptus
404 2995 550 3060 Caesaris
580 2995 738 3059 adventus
765 2995 805 3058 ab
830 2992 1011 3057 omnibus1

62 3101 243 3184 municipiis
275 3106 308 3164 et
339 3101 474 3164 coloniis
505 3100 684 3165 incredibili
712 3101 848 3163 honore.
897 3097 1013 3160 nihilo

61 3205 300 3292 relinquebatur
337 3206 379 3270 ad
412 3213 559 3270 ornatum
592 3212 778 3291 portarum,
816 3203 977 3284 itinerum,

62 3307 206 3375 locorum
223 3310 377 3391 omnium,
392 3331 454 3394 qua
470 3309 589 3374 Caesar
605 3311 706 3373 iturus
723 3307 903 3391 excogitari
917 3328 976 3391 po-

62 3419 151 3478 terat.
171 3413 275 3478 omnis
284 3414 458 3478 multitudo
472 3415 600 3479 obviam
610 3413 818 3499 procedebat,
830 3412 977 3476 omnibus
1000 3433 1012 3469 a
