2332 3892
163 248 223 310 122
381 208 383 212 ⁴
524 246 559 297 v.
584 246 697 296 n-n.

123 435 148 475 11
157 418 236 482 tudo
259 417 426 482 convertit.
463 416 573 501 gladio
590 438 658 481 rem
674 417 758 499 gerit
773 420 868 499 atque
884 434 950 477 uno
970 413 1066 477 inter-

122 523 241 587 nfecto
258 523 397 607 reliquos
419 521 551 605 paulum
566 520 734 605 propellit3
760 519 837 582 dum
856 517 1004 600 cupidius
1021 518 1066 579 in-

123 630 229 707 natat,
252 625 401 689 concidit.
444 623 519 688 huic
533 644 642 689 rursus
658 624 874 688 circumvento
891 620 1067 685 subsidium

156 728 250 792 Pulio
283 734 378 812 atque
408 727 502 792 ambo
524 727 702 792 incolumes
731 747 855 791 summa
878 745 950 788 cum
973 723 1067 788 laude

123 851 229 895 usese
261 831 430 914 recipiunt.
484 831 529 894 sic
567 830 695 894 fortune
732 830 766 893 in
797 826 1005 892 contentione
1037 834 1068 891 et

156 934 333 998 certamine
369 939 542 1018 utrumque
580 933 740 1014 versavit,
776 937 811 996 ut
855 931 938 995 alter
976 930 1067 995 alteri

156 1036 304 1100 inimicus
337 1037 458 1100 auxilio
490 1037 647 1122 salutique
686 1043 771 1102 esset
805 1055 912 1120 neque
950 1035 1066 1099 diiudi-

158 1135 224 1206 cari
251 1146 377 1225 posset,
406 1147 479 1206 uter
514 1141 578 1204 utri
612 1141 729 1205 virtute
760 1138 989 1205 anteferendus
1019 1140 1067 1202 vi·

159 1243 305 1308 (leretun

124 1368 135 1408 1
220 1344 324 1410 XLV.
364 1346 490 1421 Quanto
531 1352 599 1411 erat
635 1346 669 1410 in
706 1346 774 1410 dies
809 1345 939 1430 gravior
971 1351 1065 1428 atque

158 1449 301 1533 asperior
331 1450 545 1533 oppugnatio,
578 1455 668 1515 tanto
699 1450 876 1514 crebriores
899 1449 1003 1513 nuntii
1025 1448 1065 1512 ad

159 1551 332 1616 Caesarem
354 1553 579 1635 mittebantur3
610 1575 748 1638 quorum
769 1574 842 1637 pars
866 1552 1068 1638 deprehensa

157 1653 192 1717 in
228 1660 404 1737 conspectu
439 1655 575 1719 militum
604 1676 676 1719 eum
712 1657 854 1721 cruciatu
882 1655 1066 1721 necabatur.

124 1779 137 1816 a
160 1761 228 1819 erat
250 1755 388 1820 Nervius
409 1758 540 1821 nomine
555 1756 700 1832 Vertico‚
723 1757 795 1822 loco
811 1763 904 1821 natus
919 1757 1067 1839 honesto,

101 1887 104 1892 ·
159 1859 214 1941 qui
235 1878 255 1921 a
276 1859 379 1942 prima
402 1860 570 1924 obsidione
600 1860 641 1924 ad
672 1860 861 1926 Ciceronem
883 1861 1069 1946 perfugerat

124 1983 137 2022 a
159 1981 379 2047 summamque
403 1964 434 2028 ei
455 1963 554 2028 fidem
569 1965 781 2048 praestiterat.
818 1964 871 2028 hic
893 1983 987 2029 servo
1012 1983 1068 2047 spe

158 2063 314 2128 libertatis
330 2065 518 2150 magnisque
532 2065 706 2150 persuadet
718 2065 879 2149 praemiis,
895 2071 930 2128 ut
946 2065 1068 2129 litteras

124 2166 201 2231 aad
229 2167 403 2232 Gaesarem
433 2167 566 2233 deferat.
610 2168 668 2231 has
690 2166 744 2232 ille
774 2168 889 2231 baculo
919 2167 1068 2250 inligatas

158 2270 221 2337 fert
250 2276 284 2334 et
308 2270 420 2335 Gallus
447 2270 532 2334 inter
556 2270 667 2335 Gallos
696 2271 764 2335 eine
793 2272 859 2335 ulla
887 2271 1068 2356 suspicione

158 2379 303 2439 versatus
326 2374 370 2437 adx
392 2374 564 2439 Gaesarem
586 2375 746 2457 pervenit.

125 2493 138 2534 1
223 2475 343 2540 XLVI.
377 2476 496 2541 ansar
511 2478 650 2561 acceptis
670 2478 783 2542 litteris
801 2477 881 2541 horo
895 2501 937 2542 xr.
961 2479 1070 2541 statim

159 2578 306 2641 nuntium
341 2577 374 2641 in
411 2576 604 2642 Bellovacos
641 2578 683 2642 ad
710 2580 754 2644 M.
785 2580 934 2643 Crassum
961 2579 1069 2662 mittit,

125 2700 138 2739 o
161 2680 249 2743 cuius
272 2679 407 2744 hiberna
428 2680 562 2744 aberant
584 2682 673 2746 milia
700 2703 852 2767 passuum
873 2706 951 2764 xxv3
980 2682 1071 2748 iubet

159 2781 269 2847 media
289 2788 385 2848 nocte
414 2783 579 2867 legionem
607 2784 766 2868 proficisci
792 2784 1005 2868 celeriterque
1029 2783 1070 2848 ad

120 2903 195 2949 ase
225 2884 346 2951 uenire.
392 2887 461 2951 exit
490 2908 560 2950 cum
593 2889 706 2951 nuntio
738 2888 880 2952 Crassus.
932 2887 1070 2951 alterum

161 2985 203 3050 ad
226 2987 262 3052 0.
286 2987 422 3051 Fabium
444 2989 589 3073 legatum
611 2990 724 3072 mittit,
754 2996 791 3054 ut
821 2993 854 3055 in
875 2989 1070 3055 Atrebatum

159 3089 240 3155 fines
262 3090 426 3173 legionem
448 3091 604 3174 adducat,
627 3113 690 3177 qua
713 3091 773 3156 sibi
792 3092 855 3158 iter
877 3091 1069 3157 faciendum.

126 3216 140 3254 r
162 3190 271 3255 scribit
291 3190 447 3273 Labieno,
470 3193 497 3255 si
518 3193 566 3258 rei
589 3195 736 3278 publicae
753 3195 923 3259 commodo
939 3195 1070 3276 faceret,

163 3312 235 3355 cum
264 3292 394 3375 legione
424 3292 465 3356 ad
493 3294 573 3360 fines
601 3296 794 3362 Nerviorum
827 3298 944 3362 veniet.
995 3297 1069 3361 reli·

163 3414 260 3478 quam
281 3401 409 3479 partem
432 3398 608 3482 exercitus,
638 3399 726 3485 quod
748 3400 844 3482 paulo
868 3400 979 3464 aberat
1001 3400 1069 3462 lon·
