2332 3892
473 257 535 308 vn.
564 258 677 307 11—13.
955 259 1015 322 151

110 428 219 512 pontis
248 434 342 513 atque
370 429 521 494 itinerum
550 430 715 514 angustiae
738 431 848 514 fugam
868 432 1019 495 interclu-

112 537 228 595 serant.
268 532 422 617 oppidum
445 532 554 616 diripit
576 540 671 618 atque
690 534 843 616 incendit,
865 533 1019 618 praedam
1039 549 1052 589 ⁹

111 635 266 699 militibus
282 634 389 718 donat,
413 637 590 701 exercitum
604 636 756 722 Ligerem
769 637 908 702 traducit
923 645 1018 722 atque

110 739 143 802 in
164 739 353 823 Biturigum
370 739 451 803 fines
473 740 630 823 pervenit.

174 841 254 906 XII.
290 842 557 927 Vercingetorirr,
601 844 656 908 ubi
701 845 741 908 de
781 843 927 909 Caesaris
964 844 1052 908 ad·1

111 953 211 1012 ventu
258 947 428 1030 cognorit,
472 948 712 1031 oppugnatione
757 946 882 1010 desistit
925 954 1019 1032 atque

113 1050 244 1114 obviam
279 1050 498 1134 proficiscitur.
558 1051 614 1114 ille
650 1049 805 1135 oppidum
838 1049 1055 1136 Biturigumr

110 1153 255 1237 positum
291 1153 326 1217 in
356 1154 410 1218 ria
444 1154 476 1217 N
478 1152 676 1219 oviodunum
708 1172 903 1238 oppugnare.
949 1176 1054 1220 cumo

110 1257 211 1340 legati
233 1256 397 1320 venissent
420 1261 562 1337 oratum,
584 1261 620 1320 ut
643 1256 704 1320 sibi
725 1256 908 1340 ignosceret
930 1277 1022 1322 suae-

112 1378 174 1442 que
196 1358 284 1422 ritae
307 1359 504 1442 consuleret,
527 1381 616 1424 arma
637 1360 730 1443 ferri,
754 1379 859 1445 equos.
876 1361 1021 1454 produci,

113 1461 243 1529 obsides
273 1460 342 1526 dari
370 1463 469 1528 iubet.
513 1471 604 1548 parte
631 1464 696 1528 iam
725 1463 873 1529 obsidum
894 1464 1055 1543 traditae

114 1567 352 1632 centurionibus
375 1573 407 1632 et
429 1568 539 1652 paucis
562 1567 716 1632 militibus
737 1567 944 1650 intromissis,
963 1569 1022 1653 qui

114 1693 203 1736 arma
223 1671 429 1755 iumentaque
459 1672 698 1756 conquirerent,
729 1672 888 1755 equitatus
909 1673 1022 1757 procul

113 1778 201 1842 risus
218 1780 277 1857 est,
301 1776 355 1859 qui
370 1796 487 1860 agmen
500 1775 777 1860 Vercingetorigis
795 1781 1021 1841 antecesserat.

115 1879 285 1967 oppidani,
315 1878 506 1962 simulatque
535 1879 569 1944 in
598 1899 689 1964 spem
718 1879 830 1942 auxilii
853 1886 1020 1962 venerunt,
1043 1897 1057 1935 c

115 1984 253 2048 clamore
283 1981 408 2047 sublato
438 2003 526 2046 arma
555 2002 687 2068 capere,
721 1989 831 2066 portas
862 1982 1020 2064 claudere,

115 2107 240 2150 murum
263 2084 444 2168 complere:
468 2085 682 2168 centuriones,
707 2106 780 2149 cum
801 2085 878 2150 novi
901 2085 1021 2168 aliquid
1042 2101 1056 2142 c

114 2190 186 2254 iniri
207 2188 454 2271 intellexissent,
476 2188 593 2273 gladiis
615 2187 776 2252 destrictis
796 2192 906 2271 portas
929 2207 1021 2251 occu-

114 2299 272 2378 paverunt
305 2311 443 2375 suosque
474 2311 585 2356 omnes
613 2291 790 2355 incolumes
821 2297 1020 2374 receperunt.

176 2394 274 2460 XIII.
309 2393 427 2458 Caesar
443 2395 619 2479 equitatum
635 2393 728 2458 educi
742 2393 841 2475 iubet,
863 2393 1022 2477 proelium
1043 2411 1055 2448 1

116 2505 265 2585 equestre
295 2498 479 2578 committit3
508 2497 727 2562 laborantibus
754 2497 820 2561 iam
847 2496 912 2561 suis
942 2496 1022 2561 Ger·

116 2624 228 2669 manos
250 2601 374 2685 equites
397 2600 522 2664 circiter
544 2623 615 2665 cccc
633 2599 799 2664 submittit.
838 2619 950 2664 eorum
963 2600 1023 2664 im·
1043 2617 1058 2656 a

115 2713 227 2791 petum
259 2704 344 2769 Galli
378 2703 534 2767 sustinere
564 2724 630 2767 non
661 2708 835 2785 potuerunt
865 2710 960 2787 atque
988 2704 1023 2768 in

116 2810 225 2894 fugam
248 2805 386 2871 coniecti
408 2806 517 2870 multis
540 2806 665 2869 amissis
689 2825 723 2868 se
746 2806 787 2870 ad
803 2826 921 2889 agmen
934 2827 1022 2872 rece-

116 2916 242 2996 penmt.
287 2909 402 2992 quibus
429 2909 606 2994 profligatis
635 2930 743 2973 rursus
774 2909 926 2994 oppidani
950 2930 1023 2995 per·

117 3013 219 3078 territi
242 3012 502 3096 comprehensos,
526 3031 661 3095 quorum
685 3031 783 3096 opera
796 3011 927 3095 plebem
949 3033 1024 3077 con-

120 3116 248 3181 citatam
270 3113 506 3195 existimabant,
531 3113 572 3178 ad
597 3112 768 3178 Caesarem
792 3113 951 3178 duxerunt
974 3137 1024 3179 se-

120 3238 215 3303 seque
232 3216 435 3282 dediderunt.
475 3216 593 3282 Caesar
610 3217 651 3280 ad
671 3216 826 3301 oppidum
838 3216 1023 3303 Araricum,
1044 3241 1058 3280 a

120 3321 205 3406 quod
227 3326 297 3385 erat
319 3321 495 3384 maximum
516 3322 827 3405 munitissimumque
842 3321 1024 3406 Biturigum

121 3429 213 3508 atque
235 3421 433 3487 fertilissima
453 3424 596 3507 regione,
619 3424 781 3507 profectus
804 3432 862 3488 est.
