2332 3892
159 240 200 302 10
413 297 414 300 Ἴ
531 240 552 288 1.
583 240 694 290 14-15.

156 412 242 496 quod
280 413 341 477 iter
381 432 439 496 per
477 411 673 495 provinciam
712 417 939 495 temptassent,
979 412 1064 495 quod

154 514 298 597 Aeduos,
322 514 409 599 quod
424 514 609 597 Ambarros,
632 516 718 599 quod
733 517 927 600 Allobrogas
949 539 1062 580 vexas-

121 638 134 676 1
154 625 234 699 sent,
250 619 439 682 memoriam
452 617 614 701 deponere
631 621 749 702 posse?
766 620 852 703 quod
867 621 1065 683 suavietoria

155 727 220 785 tam
244 722 419 785 insolenter
451 722 665 805 gloriarentur
691 723 840 806 quodque
863 728 927 785 tam
953 722 1007 785 diu
1031 744 1064 785 se

154 825 284 911 impune
308 827 437 890 iniurias
460 826 569 890 tulisse
586 827 828 908 admirarentur,
854 826 969 890 eodem
991 847 1063 909 per-

121 931 266 994 stinere.
320 950 490 994 consuesse
527 931 613 995 enim
647 931 724 994 deos
758 931 958 1011 inmortales,
1000 951 1062 1012 quo

155 1034 283 1117 gravius
307 1034 453 1098 homines
477 1056 519 1098 111
535 1036 784 1099 commutatione
800 1055 907 1098 rerum
924 1034 1063 1116 doleant,

155 1156 234 1219 quos
263 1157 321 1220 pro
351 1136 472 1201 scelere
504 1138 614 1200 ulcisci
643 1137 759 1218 velint,
792 1137 829 1198 iis
859 1136 1063 1200 secundiores

154 1239 315 1304 interdum
345 1262 397 1304 res
426 1247 459 1304 et
488 1240 719 1304 diuturniorem
741 1241 964 1324 impunitatem
987 1261 1063 1304 con-

120 1365 132 1403 e
156 1343 280 1407 cedere.
327 1365 399 1406 cum
422 1364 461 1407 ea
482 1345 529 1407 ita
550 1345 627 1426 sint,
656 1350 781 1425 tamen,
805 1346 831 1407 si
855 1344 982 1407 obsides
1005 1343 1063 1406 sibi

156 1447 280 1527 dentur,
303 1447 350 1509 uti
374 1467 428 1528 ea,
451 1467 532 1530 quae
555 1448 785 1531 polliceantur,
809 1448 947 1511 facturos
970 1447 1062 1510 intel·

154 1551 255 1634 legat,
280 1556 312 1614 et
334 1551 360 1614 si
383 1551 506 1614 Aeduis
530 1551 570 1615 de
594 1551 731 1633 iniuriis,
755 1572 832 1634 quas
855 1552 930 1635 ipsis
953 1552 1062 1614 sociis-

156 1675 217 1738 que
238 1675 350 1718 eorum
373 1655 546 1736 intulerint,
569 1656 647 1718 item
670 1656 697 1718 si
719 1654 948 1736 Allobrogibus
972 1654 1063 1716 satis-

121 1757 290 1839 riaeiant,
334 1778 404 1821 sese
449 1779 561 1842 pacem
604 1779 673 1822 esse
711 1756 889 1822 iactuum!
948 1757 1062 1821 Divico

154 1859 337 1949 respondit:
366 1860 420 1942 ,ita
448 1880 467 1922 a
495 1860 669 1924 maioribus
697 1860 761 1923 suis
791 1860 952 1922 institutos
982 1880 1062 1940 esse,

155 1964 202 2026 uti
225 1963 353 2026 obsides
376 1962 539 2046 accipere,
566 1983 632 2026 non
663 1963 738 2026 dare
762 1963 963 2026 consuerint:
995 1960 1063 2024 eius

155 2066 203 2129 rei
217 2066 373 2149 populum
387 2064 569 2127 Romanum
583 2087 653 2129 esse
671 2062 807 2129 11111111.ι
830 2066 892 2128 hoc
906 2083 1061 2146 responso

157 2168 311 2233 discessit.

122 2294 132 2332 1
220 2271 294 2336 XV.
325 2273 461 2336 Postero
488 2273 539 2339 die
564 2279 666 2335 eastra
695 2277 835 2335 movent.
880 2269 966 2332 idem
989 2269 1064 2332 facit

157 2376 275 2441 Caesar
297 2377 536 2460 equitatumque
553 2396 693 2457 omnem,
715 2374 757 2438 ad
779 2394 948 2437 numerum
971 2380 1062 2457 quat-

156 2484 230 2541 tuor
252 2478 384 2560 milium,
407 2499 502 2563 quem
526 2499 567 2541 ex
591 2478 678 2541 omni
700 2477 865 2561 provincia
887 2482 920 2539 et
941 2475 1064 2539 Aeduis

156 2586 251 2665 atque
276 2601 387 2644 eorum
409 2582 503 2644 sociis
526 2586 672 2644 coactum
695 2579 848 2660 habebat,
878 2580 1063 2663 praemittit.

121 2685 211 2768 equi
234 2683 378 2767 cupidius
396 2683 617 2747 novissimum
647 2703 763 2766 agmen
795 2683 930 2747 insecuti
958 2684 1062 2746 alieno

155 2790 227 2850 loco
259 2808 329 2849 eum
359 2787 501 2870 equitatu
532 2787 758 2850 Helvetiorum
787 2786 946 2870 proelium
977 2807 1063 2863 eom-

122 2922 134 2960 3
156 2892 300 2971 mittunt;
325 2897 357 2954 et
379 2891 473 2974 pauci
492 2889 532 2954 de
548 2891 667 2954 nostris
683 2890 810 2953 cadunt.
847 2889 963 2951 sublati
983 2888 1063 2951 Hel·

157 2994 250 3075 vetii,
284 2993 370 3077 quod
392 2995 574 3078 quingentis
599 2994 757 3078 equitibus
779 2998 899 3055 tantam
921 2993 1063 3054 multitu·

159 3097 266 3160 dinem
289 3099 505 3182 propulerant,
529 3098 681 3161 audacius
703 3096 874 3160 subsistere
906 3116 1064 3158 nonnum·

123 3221 264 3285 rquam,
287 3201 460 3263 novissime
484 3201 611 3283 agmine
635 3201 803 3263 lacessere.
850 3197 967 3263 Caesar
990 3219 1065 3260 suos

160 3305 343 3368 continebat
366 3326 402 3368 ae
424 3307 500 3369 satis
525 3305 661 3370 habebat
682 3307 715 3367 in
737 3304 919 3389 praesentia
938 3303 1064 3366 hostem

125 3410 335 3492 erepentinis
375 3410 634 3494 populationibus
673 3408 854 3493 prohibere.
915 3391 959 3470 ita
997 3407 1065 3471 dies
