2332 3892
185 243 225 304 76
543 247 592 296 111.
622 248 734 298 as—ae.

185 423 300 482 exacta
333 418 396 482 iarn
430 424 534 482 aestas
568 425 657 501 erat,
695 425 822 501 tamen,
857 417 944 505 quod
978 418 1097 483 Morini

183 520 388 606 Menapiique
412 529 610 605 supererant,
634 524 687 608 qui
705 524 738 586 in
754 524 849 587 armis
867 529 975 588 essent
990 544 1097 606 neque

183 646 336 709 umquam
358 626 483 709 legatos
512 625 690 707 misissent,
723 626 895 691 arbitratus
917 625 952 689 id
974 626 1098 689 bellum

149 749 162 788 a
184 729 298 792 confici
320 749 415 812 posse
440 748 478 791 eo
504 729 683 792 exercitum
699 729 802 794 duxit.
842 730 896 813 qui
911 729 1011 813 longe
1036 729 1099 792 alia

182 832 307 895 ratione
331 850 368 894 ao
390 832 504 914 reliqui
521 829 605 894 Galli
623 830 723 916 (quod
738 833 971 916 intellegebant
992 834 1097 895 mexi-

184 957 252 999 mas
274 935 436 1016 nationes,
460 956 540 1018 quae
563 937 687 1019 proelio
712 936 1099 1021 contendissent,·pulsas

184 1037 269 1119 esse)
293 1038 494 1102 continentes
517 1038 549 1101 in
572 1038 666 1101 silvas
690 1059 724 1102 se
749 1060 868 1123 suaque
893 1041 1002 1103 omnia
1017 1061 1097 1103 con-

148 1142 335 1205 otulerunt.
380 1140 421 1206 ed
458 1161 591 1226 quarum
628 1141 753 1204 initium
788 1163 860 1205 cum
892 1143 1099 1226 pervenisset

182 1266 287 1329 neque
317 1245 419 1308 hostis
441 1246 528 1309 visus
551 1249 651 1326 esset,
681 1243 832 1328 dispersis
854 1246 888 1309 in
913 1266 1012 1329 opere
1036 1265 1097 1308 no-

183 1352 256 1414 stris
279 1350 384 1413 subito
409 1370 451 1414 ex
477 1347 624 1412 omnibus
655 1348 796 1432 partibus
827 1349 1039 1413 evolaverunt
1063 1355 1098 1412 et

148 1455 339 1539 4impetum
368 1453 522 1518 fecerunt.
567 1452 668 1515 nostri
699 1452 847 1516 celeriter
878 1473 967 1516 arma
1000 1472 1096 1537 cepe-

181 1564 256 1621 runt
287 1579 408 1643 eosque
434 1557 643 1641 reppulerunt
673 1562 706 1621 et
732 1557 859 1641 longius
889 1554 1096 1641 inpeditiori·
1147 1603 1153 1615 .

181 1664 240 1728 bus
262 1661 342 1724 locis
366 1659 467 1723 secuti
488 1679 608 1743 paucos
630 1659 851 1744 perdiderunt.

148 1794 162 1835 ι
246 1763 374 1829 XXIX.
411 1762 574 1848 Deinceps
603 1763 722 1828 Caesar
753 1765 848 1829 silvas
877 1763 1014 1829 caedere
1044 1765 1095 1827 in·

182 1869 262 1932 stitit
292 1874 340 1951 et,
373 1867 485 1952 nequis
514 1867 704 1950 inermibus,
734 1869 980 1953 inprudentibus
1008 1868 1093 1930 mili·

180 1975 265 2038 tibus
294 1975 434 2058 impetus
461 1972 531 2037 fieri
565 1978 694 2058 posset,
728 1994 857 2057 omnem
889 1993 961 2037 eam
990 1976 1093 2036 mate·

180 2079 261 2142 riam
293 2099 481 2142 conversam
513 2098 571 2162 pro
603 2078 687 2141 vallo
725 2076 766 2142 ad
802 2082 974 2161 utrumque
1008 2075 1094 2139 latus

147 2182 378 2246 rexstruebat.
421 2179 601 2243 incredibili
638 2180 804 2244 celeritate
833 2201 952 2264 magno
985 2179 1091 2263 spatio

181 2287 291 2372 paucis
325 2285 437 2348 diebus
472 2282 637 2365 confecto,
673 2303 745 2347 eum
773 2283 836 2346 iem
865 2303 964 2367 pecus
995 2287 1092 2367 atque

183 2396 328 2455 extrema
354 2386 573 2472 inpedimenta
601 2391 803 2467 tenerentur,
833 2386 895 2470 ipsi
925 2384 1092 2449 densiores

182 2494 277 2557 silvas
292 2494 451 2576 peterent,
475 2489 543 2552 eius
559 2488 648 2551 modi
663 2493 872 2573 tempestates
887 2492 1092 2569 consecutae,

181 2598 228 2660 uti
258 2616 338 2680 opus
367 2592 547 2657 necessario
579 2593 846 2656 intermitteretur
868 2597 901 2655 et
924 2591 1091 2654 continua·

161 2688 163 2730 Ῑ
181 2701 270 2764 tione
292 2697 442 2761 imbrium
465 2695 582 2759 diutius
604 2695 663 2759 sub
686 2695 823 2779 pellibus
844 2694 1004 2758 contineri
1026 2712 1092 2756 non

147 2829 160 2868 a
180 2807 323 2888 possent.
357 2801 464 2883 itaque
479 2799 609 2862 vastatis
626 2799 772 2862 omnibus
787 2800 881 2883 agris,
904 2799 984 2863 vicis
1000 2797 1089 2861 aedi-

180 2907 322 2990 ficiisque
359 2902 498 2966 incensis
529 2903 707 2966 exercitum
741 2903 774 2965 in
802 2902 950 2966 Aulercis
980 2900 1091 2966 Lexo-

180 3010 324 3095 biisque,
355 3006 486 3091 reliquis
519 3007 596 3070 item
629 3006 824 3087 civitatibus,
856 3025 938 3090 quae
969 3004 1094 3083 bellum·

181 3114 335 3194 fecerant,
356 3109 547 3174 conlocavit.

532 3350 738 3361 .-.-----
