2332 3892
159 251 223 315 160
509 251 572 303 vn.
600 253 712 302 10-11.

159 431 272 489 ounota
296 425 402 490 Gallia
424 424 591 504 deficeret,
615 424 642 487 si
664 424 819 488 maturius
841 423 1054 506 educeretur

124 527 197 591 aab
219 548 256 592 re
278 527 486 591 frumentaria
508 528 678 591 laboraret.
715 535 880 612 praestare
899 530 1003 593 visum
1018 537 1055 592 est

157 637 265 696 tamen
305 652 416 696 omnes
454 631 657 695 difficultates
688 633 816 715 perpeti
853 652 951 716 quam
980 639 1055 696 tanta

159 735 353 799 contumelia
384 740 517 818 aooepta
550 735 692 798 omniurn
724 755 855 799 suorum
886 736 1054 800 voluntates

123 839 308 901 salienere.
354 839 461 921 itaque
492 838 676 902 cohortatus
704 837 840 904 Aeduos
869 839 912 904 de
935 861 1053 924 suppor-

158 939 256 1005 tando
282 946 462 1004 commeatu
483 941 661 1024 praemittit
676 939 718 1004 ad
731 941 843 1022 Boios,
866 943 923 1024 qui
945 941 986 1006 de
1008 963 1052 1005 suo

159 1043 300 1108 adventu
315 1042 453 1107 dooeant
464 1045 706 1129 hortenturque,
728 1051 764 1108 ut
779 1046 812 1108 in
827 1045 892 1109 fide
908 1053 1052 1111 maneant.

124 1166 137 1203 4
160 1147 282 1211 duabus
307 1146 470 1232 Agedinci
497 1148 679 1232 legionibus
709 1155 804 1233 atque
839 1149 1052 1234 inpedimentis

158 1253 257 1316 totius
281 1252 441 1316 exereitus
463 1251 583 1316 reliotis
607 1251 649 1316 ed
670 1252 771 1316 Boios
793 1254 1012 1336 proficiscitur.

125 1380 136 1419 1
223 1354 283 1418 XI.
313 1354 427 1419 Altero
460 1354 513 1418 die
546 1376 618 1418 oum
648 1354 690 1419 ad
720 1355 874 1439 oppidum
904 1357 1051 1422 Senonum

157 1458 441 1524 Vellaunodunum
462 1458 613 1539 venisset,
635 1477 775 1541 nequem
795 1465 870 1541 post
890 1479 925 1523 se
939 1461 1051 1525 hostem

158 1563 362 1647 relinqueret,
385 1583 448 1647 quo
472 1561 674 1647 expeditiore
688 1581 724 1626 re
739 1561 948 1628 frumentaria
961 1570 1052 1627 utere·

124 1673 224 1748 rtur,
254 1665 352 1731 biduo
384 1665 650 1746 circumvallavit3
682 1665 777 1729 tertio
808 1663 860 1729 die
890 1667 995 1731 missis
1020 1686 1050 1729 ex

160 1769 278 1854 oppido
300 1771 416 1854 legetis
440 1768 480 1833 de
504 1768 669 1833 deditione
692 1789 780 1832 arma
801 1768 895 1850 ferri,
924 1771 1051 1835 iumenta

123 1872 309 1956 aproduoi,
338 1879 501 1939 sesoentos
533 1871 661 1936 obsides
694 1870 763 1935 dari
792 1871 892 1937 iubet.
946 1892 985 1938 ee
1010 1871 1050 1956 qui

159 1977 338 2060 conficeret,
363 1977 399 2042 O.
422 1977 618 2042 Trebonium
639 1977 783 2060 legatum
804 1977 974 2061 relinquit,
995 1979 1050 2061 ipse

125 2111 136 2149 r
159 2080 324 2146 Cenabum
341 2080 515 2145 Carnutum
530 2080 751 2165 proficiscitur,
773 2081 913 2162 quitum
928 2082 1051 2164 primum

157 2185 263 2249 adlato
279 2185 391 2250 nuntio
411 2184 451 2248 de
469 2184 708 2269 oppugnatione
723 2183 976 2267 Vellaunoduni,
993 2204 1052 2248 oum

155 2288 283 2372 longius
307 2308 378 2351 eam
399 2307 468 2350 rem
492 2287 623 2351 ductum
644 2287 684 2352 iri
707 2288 947 2370 existimarent,
974 2307 1052 2374 prae·

122 2417 135 2457 s
158 2390 274 2454 sidium
290 2389 532 2473 comparabant:
555 2389 653 2455 biduo
667 2391 825 2474 pervenit.
864 2393 976 2456 castus
991 2397 1052 2456 ante

157 2491 311 2577 oppidum
333 2493 456 2576 positis,
480 2491 545 2556 diei
567 2499 712 2576 tempore
736 2495 887 2559 exolusus
907 2497 942 2561 in
957 2503 1053 2581 poste

154 2616 226 2659 rum
256 2596 529 2678 oppugnationem
558 2595 681 2679 differt,
708 2616 855 2682 quaeque
886 2602 961 2665 usui
991 2603 1052 2679 sint,

121 2726 134 2762 s
155 2697 309 2761 militibus
331 2697 467 2782 imperat
489 2704 529 2779 et,
553 2699 640 2782 quod
657 2700 811 2784 oppidum
825 2720 910 2785 pons
924 2703 1054 2768 fluminis

154 2800 280 2885 Ligeris
296 2801 511 2885 contingebat,
526 2804 657 2886 veritus,
672 2825 713 2867 ne
730 2812 828 2870 nootu
842 2808 1053 2893 profugerent,

109 2928 133 2970 -r
155 2905 234 2969 duas
261 2905 406 2988 legiones
434 2907 469 2970 in
497 2909 592 2970 armis
622 2910 781 2974 excubare
812 2910 914 2975 iubet.
962 2913 1054 2978 Oenu-

154 3008 270 3072 benses
285 3008 381 3090 paulo
397 3015 470 3072 ante
485 3009 625 3073 mediam
644 3019 774 3076 noctem
792 3014 923 3080 silentio
940 3014 1054 3102 egressi

120 3135 133 3173 o
153 3114 272 3176 flumen
293 3112 436 3177 transire.
473 3133 535 3197 qua
556 3135 591 3178 re
605 3135 663 3198 per
679 3117 902 3200 exploratores
917 3121 1055 3184 nuntiato

156 3215 273 3280 Caesar
303 3215 464 3299 legiones,
499 3237 576 3301 quas
610 3218 778 3302 expeditas
811 3240 881 3284 esse
913 3223 1052 3302 iusserat,

153 3320 253 3404 portis
282 3319 420 3383 incensis
448 3320 630 3385 intromittit
659 3327 754 3405 atque
786 3322 907 3406 oppido
939 3326 1053 3410 potitur

153 3421 321 3506 perpaucis
344 3442 386 3485 ex
407 3423 548 3487 hostium
576 3444 709 3487 numero
734 3423 943 3507 desideratis,
973 3423 1052 3511 quod
