2332 3892
456 268 490 318 v.
519 268 629 319 ro-rr.
940 269 998 332 111

86 440 176 523 quod
206 440 241 504 in
278 441 425 506 omnibus
464 441 559 505 bellis
600 441 753 525 singulari
793 441 862 505 eius
903 461 1002 524 opera

86 543 194 607 fuerat
224 565 320 627 usus,
349 545 543 610 restituerat.
588 547 719 610 tertium
758 547 843 610 hunc
882 566 1036 610 annums

86 653 279 731 regnantem
300 647 528 713 inimicissimis
551 648 735 713 auctoribus
763 648 1000 712 interfecerunt.

86 749 233 814 defertur
261 771 300 815 ea
329 772 382 815 res
413 752 454 816 ed
479 752 659 816 Caesarem.
704 753 759 816 ille
790 753 927 834 veritus,
959 772 1036 816 ner

89 853 203 916 civitas
227 873 339 919 eorum
360 854 489 937 inpulsu
512 853 672 937 deficeret,
700 853 737 917 L.
752 854 908 918 Plancum
929 875 1001 937 cum

87 956 220 1040 legione
243 977 286 1020 ex
299 958 415 1042 Belgio
440 958 587 1022 celeriter
609 946 644 1022 in
663 956 819 1021 Carnutes
841 957 1002 1041 proficisci

87 1060 181 1123 iubet
201 1059 310 1143 ibique
338 1060 496 1143 hiemare,
525 1081 725 1144 quorumque
756 1081 855 1145 opera
883 1082 1002 1144 cogno-

88 1169 182 1227 verat
201 1162 390 1247 Tasgetium
411 1164 630 1247 interfectum,
659 1165 720 1228 bos
751 1164 1001 1249 comprehensos

87 1264 132 1330 ad
154 1283 190 1329 se
212 1266 351 1330 mittere.
395 1266 523 1331 interim
552 1267 591 1330 ab
622 1267 785 1349 omnibus,
818 1267 933 1349 quibus
955 1267 1034 1330 le-rr

87 1367 204 1451 giones
232 1364 424 1450 tradiderat,
454 1369 571 1434 certior
599 1368 701 1432 factus
734 1375 783 1432 est
811 1377 1001 1452 perventum

87 1473 260 1553 locumque
283 1470 426 1534 hibernis
449 1491 520 1535 esse
543 1471 711 1536 munitum.

155 1573 281 1639 XXVI.
319 1573 442 1639 Diebus
466 1574 592 1638 circiter
612 1597 662 1638 xv.
693 1575 819 1637 initium
841 1577 1001 1658 repentini
1023 1601 1035 1640 r

87 1678 246 1743 tumultus
269 1698 307 1741 ec
328 1676 519 1741 defectionis
543 1683 647 1742 ortum
671 1683 719 1740 est
748 1678 787 1741 ab
810 1676 1001 1763 Ambiorige

88 1788 124 1846 et
147 1779 340 1862 Catuvoleo;
369 1780 424 1863 qui
451 1801 524 1844 cum
552 1780 593 1844 ad
620 1780 701 1845 fines
730 1780 847 1845 Sabino
873 1780 1035 1846 Cottae-a

86 1874 164 1969 que‘
190 1889 320 1968 praesto
356 1884 492 1948 fuissent
528 1883 785 1967 frumentumque
824 1891 1003 1967 comporta·

86 1989 231 2069 vissent,
252 1986 466 2072 Indutiomari
487 1985 621 2060 Treveri
642 1987 761 2051 nuntiis
783 1987 902 2070 inpulsi
927 2008 1002 2052 suos

87 2091 330 2156 concitaverunt
367 2090 536 2174 subitoque
584 2079 745 2174 oppressis
790 2090 1001 2174 lignatoribus

86 2215 208 2278 magna
230 2214 327 2258 manu
348 2192 390 2258 ad
412 2199 516 2259 cestre
537 2198 704 2257 venerunt.
751 2214 823 2256 oum
854 2193 1002 2257 celeriter
1022 2217 1035 2257 s

85 2297 192 2362 nostri
229 2316 318 2360 arma
355 2297 516 2380 cepissent
553 2296 736 2378 vallumque
782 2294 1027 2373 ascendissent

86 2408 185 2485 atque
209 2398 386 2464 decumana
407 2406 503 2484 porta
516 2399 671 2482 Hispanis
694 2397 854 2481 equitibus
879 2398 1002 2462 emissis

87 2501 232 2588 equestri
252 2503 377 2586 proelio
399 2504 582 2588 superiores
603 2503 749 2581 fuissent,
773 2501 943 2586 desperata
966 2523 1001 2567 re

87 2608 201 2672 hostes
223 2625 300 2669 suos
320 2604 529 2671 reduxerrmt.
559 2612 627 2670 tum
644 2627 701 2670 suo
717 2625 807 2670 more
824 2606 1001 2669 conclama·
1022 2630 1036 2668 ι

86 2713 221 2774 renmt:
236 2782 240 2786 ,
253 2707 362 2790 ,aliqui
392 2709 434 2772 ed
457 2710 663 2792 conloquium
690 2707 850 2793 prodiret:
882 2709 1001 2773 habere
1122 2779 1124 2782 Α

88 2831 171 2892 sese,
195 2809 311 2894 quibus
332 2812 429 2875 rebus
452 2812 686 2878 controversias
702 2812 803 2876 minui
817 2832 913 2895 posse
929 2833 1001 2896 spe-

88 2908 222 2978 rorent-⁴

154 3011 299 3078 XXVII.
335 3014 474 3080 Mittitur
498 3014 534 3080 Ο.
556 3014 731 3098 Arpineius
762 3036 859 3100 eques
881 3017 1035 3081 Roma-r

90 3138 162 3200 nus,
184 3117 350 3182 familiaris
374 3118 412 3198 Q.
430 3118 555 3203 Titurii,
580 3126 612 3182 et
635 3118 673 3193 Q.
689 3119 801 3182 Iunius
825 3139 867 3182 ex
883 3120 1003 3202 Hispa-

92 3219 147 3283 nia
178 3220 327 3304 quidem,
365 3223 420 3305 qui
449 3223 515 3287 iarn
539 3228 620 3301 ante
651 3223 750 3285 missu
783 3221 929 3286 Caesaris
960 3222 1002 3286 ad

92 3321 317 3406 Ambiorigem
336 3325 494 3389 ventitare
519 3332 701 3405 consuerat3
725 3324 811 3408 apud
828 3346 907 3407 quos
922 3324 1002 3389 Arn-

93 3423 214 3490 biorix:
237 3445 319 3508 ,sese
341 3447 399 3511 pro
420 3427 566 3492 Caesaris
589 3427 753 3491 beneficiis
776 3427 949 3510 plurimum
971 3430 1037 3492 eia

809 3533 823 3579 7
832 3526 848 3560 ὑ
