2332 3892
207 245 247 305 94
566 242 614 292 Iu.
642 243 755 292 ao-sa

205 414 386 478 interclusis
408 413 570 478 neminem
592 421 706 498 postea
727 415 760 478 in
778 414 978 477 Britanniam
999 413 1109 476 tranu-

203 516 330 583 turum‘
360 519 467 602 itaque
489 540 597 582 rursus
622 517 840 582 coniuratione
860 515 945 579 lacta
960 515 1111 598 paulatim

204 620 382 701 discedere,
405 642 480 685 suos
504 621 587 684 clam
609 619 782 683 deducere.

169 751 181 790 1
266 723 392 787 XXXI.
424 722 470 786 At
495 723 628 804 Caesar,
652 724 713 787 etsi
735 722 879 787 nondum
902 743 1015 787 eorum
1039 744 1110 787 con·

203 828 274 892 silia
305 832 518 911 cognoverat,
557 833 667 889 tamen
699 833 730 890 et
761 846 804 890 ex
835 832 953 890 eventu
984 827 1113 889 navium

202 951 330 994 suarum
347 936 436 993 etex
452 949 502 1009 eo,
526 929 612 1012 quod
629 928 757 994 obsides
773 929 848 993 dare
865 931 1111 1010 intermiserant,

168 1033 270 1098 afore
299 1032 349 1114 id,
378 1033 464 1117 quod
493 1033 625 1115 accidit,
659 1033 888 1116 suspicabatur.
933 1032 1042 1116 itaque
1072 1032 1113 1096 ad

203 1155 314 1201 omnes
338 1156 428 1199 casus
452 1135 595 1199 subsidia
623 1135 837 1219 comparabat.
859 1214 863 1222 Ι
883 1157 957 1199 nam
989 1143 1021 1200 et
1049 1135 1111 1199 fru-

201 1246 345 1303 mentum
375 1239 493 1303 cotidie
524 1239 708 1303 conferebat
738 1246 785 1319 et,
818 1257 898 1322 quae
922 1238 1112 1322 gravissime

201 1341 347 1407 adflictae
369 1362 478 1424 naves,
502 1362 612 1405 earum
627 1342 760 1405 materia
780 1348 875 1425 atque
890 1361 964 1404 aere
980 1341 1022 1404 ad
1037 1341 1112 1404 reli-

168 1467 280 1530 squas
315 1444 503 1509 reficiendas
539 1445 698 1508 utebatur.
742 1444 849 1526 itaque
883 1464 954 1507 cum
986 1463 1111 1508 summo

156 1618 158 1622 μ
203 1548 308 1613 studio
341 1570 360 1612 a
390 1548 545 1613 militibus
576 1547 866 1628 administraretur,
903 1570 946 1610 x11
976 1547 1113 1611 navibus

202 1653 344 1734 amissis,
383 1652 514 1736 reliquis
549 1658 585 1717 ut
615 1651 759 1735 navigari
791 1649 958 1715 commode
990 1658 1112 1734 posset,

203 1756 321 1821 effecit.

167 1889 179 1929 1
266 1858 411 1923 XXXII.
434 1859 522 1923 Dum
536 1880 577 1922 ea
590 1864 753 1943 geruntur,
769 1857 898 1941 legione
913 1879 954 1918 vn
968 1855 1112 1920 frumen·

201 1970 303 2027 tatum
325 1963 423 2026 missa
444 1983 548 2047 neque
571 1962 637 2026 ulla
659 1960 700 2025 ad
722 1960 756 2024 id
779 1967 905 2044 tempus
928 1960 1112 2042 suspicione

153 2135 157 2140 ,
200 2067 398 2151 interposita,
422 2087 494 2130 cum
516 2086 590 2150 pars
612 2071 803 2146 remaneret,
825 2084 899 2148 pars
919 2064 1016 2127 etiam
1032 2085 1111 2128 ven-

199 2170 318 2252 titaret,
340 2169 379 2251 ii,
402 2169 456 2252 qui
478 2168 512 2232 in
534 2168 671 2232 statione
695 2173 800 2248 erant,
831 2165 961 2230 Caesari
983 2168 1112 2230 nuntia-

199 2280 314 2339 verunt
336 2273 503 2356 pulverem
518 2271 673 2335 maiorem
688 2291 784 2354 quam
800 2271 996 2336 consuetudo
1011 2272 1112 2337 ferret

165 2402 179 2441 r
200 2377 302 2441 videri
326 2396 421 2460 quam
442 2376 476 2439 in
498 2382 623 2459 partem
641 2375 728 2458 legio
744 2375 806 2438 iter
819 2375 958 2438 fecisset.
990 2374 1113 2440 Caesar

198 2479 243 2561 id,
267 2478 353 2562 quod
369 2485 447 2559 erat,
464 2478 651 2561 suspicatus,
667 2477 788 2561 aliquid
803 2499 823 2541 a
836 2478 980 2542 barbaris
994 2480 1111 2542 initum

200 2584 335 2664 consilii,
352 2583 510 2664 cohortes,
531 2601 612 2664 quae
628 2583 662 2646 in
677 2581 866 2645 stationibus
883 2588 983 2662 erant,
999 2602 1111 2646 secum

170 2768 176 2782 ἡ
199 2686 367 2769 proficisci,
391 2684 471 2748 duas
487 2685 669 2767 succedere,
692 2685 830 2769 reliquas
848 2687 963 2750 armari
979 2693 1011 2749 et
1032 2707 1110 2751 con·

165 2789 306 2858 alestim
330 2788 480 2871 subsequi
503 2789 604 2853 iussit.
650 2811 720 2853 cum
751 2791 847 2874 paulo
874 2791 1002 2874 longius
1033 2812 1110 2874 pro·

201 2891 365 2972 cessisset,
397 2911 473 2955 suos
502 2893 605 2975 premi
636 2901 731 2976 atque
762 2914 859 2977 aegre
889 2894 1047 2956 sustinere
1077 2901 1110 2957 et

201 2993 344 3058 conferta
365 2993 494 3077 legione
517 3015 560 3058 ex
583 2996 730 3059 omnibus
752 2997 896 3078 partibus
917 2997 984 3060 tela
1005 2996 1110 3061 conici

166 3096 434 3164 «animadvertit.
480 3120 555 3162 nam
584 3098 670 3182 quod
701 3100 788 3163 omni
820 3119 862 3162 ex
883 3100 1013 3182 reliquis
1036 3121 1109 3185 par·

200 3202 286 3265 tibus
309 3200 457 3266 demesso
479 3203 639 3268 frumento
662 3226 727 3267 una
753 3208 821 3266 erat
843 3203 981 3285 reliqua,
1005 3205 1107 3287 suspi-

202 3305 264 3368 cati
286 3305 348 3367 huc
371 3324 442 3368 esse
464 3312 617 3371 venturos
635 3312 732 3371 noctu
746 3307 780 3368 in
795 3306 883 3369 silvis
899 3305 1106 3386 delituerant,

165 3435 178 3472 s
201 3406 363 3491 dispersos
383 3408 538 3492 depositis
553 3411 649 3474 armis
664 3413 697 3475 in
712 3409 864 3474 metendo
880 3411 986 3475 subito
1003 3411 1107 3476 adorti
