2332 3892
68 281 72 287 -
135 232 137 236 ⁴
170 252 211 313 32
539 254 560 304 1.
587 256 698 304 43-44.

170 423 333 487 remittere
370 429 497 507 posset,
536 430 569 488 at
605 445 728 510 nequos
765 427 899 511 amplius
928 426 1079 491 Rhenum

170 526 303 590 transire
326 525 511 615 pateretur!

135 649 145 688 ι
211 627 332 694 XLIV.
366 629 548 694 Ariovistus
571 630 612 693 ad
634 632 797 715 postulata
813 632 959 698 Caesaris
977 656 1080 719 pauca

120 776 124 794 t
168 734 353 818 respondit,
387 735 427 799 de
457 737 521 799 suia
542 736 718 800 ¹virtutibus
741 738 841 800 multa
862 738 1077 821 praedicavit:

134 869 146 908 a
169 839 329 920 ,transisse
352 859 419 902 non
442 860 499 902 sua
527 844 642 923 sponte
665 838 723 903 sed
743 844 892 922 rogatum
916 846 949 904 et
971 861 1077 904 aecer-

167 945 264 1006 situm
286 962 306 1004 a
329 941 452 1023 Gallis3.
476 963 542 1006 non
572 943 639 1006 sine
673 963 789 1025 magna
811 963 868 1027 spe
891 943 1076 1027 magnisque

166 1045 318 1130 praemiis
342 1045 474 1109 domum
495 1047 757 1130 propinquosque
774 1046 960 1129 reliquisse3
984 1046 1077 1110 sedes

166 1148 284 1212 habere
297 1148 329 1210 in
345 1147 450 1211 Gallia
460 1147 499 1211 ab
515 1148 592 1232 ipsis
603 1168 780 1230 consessas,
797 1148 925 1212 obsides
934 1149 1078 1232 ipsorum

166 1252 333 1315 voluntate
370 1251 480 1331 datos;
513 1249 709 1333 stipendium
741 1271 855 1334 capere
887 1251 956 1314 iure
988 1251 1075 1332 belli,

133 1355 253 1439 gquod
285 1355 423 1417 victores
459 1355 550 1419 vietis
592 1356 747 1438 inponere
779 1343 972 1418 consuerint.
1012 1376 1077 1419 non

167 1478 238 1522 sese
277 1456 377 1520 Gallis
414 1456 472 1521 sed
511 1457 620 1520 Gallos
662 1456 722 1520 sibi
762 1456 882 1521 bellum
915 1456 1075 1521 intulisse:

168 1582 278 1626 omnes
303 1562 446 1624 civitates
469 1561 510 1625 ed
534 1581 568 1624 se
592 1562 717 1626 venisse
740 1581 776 1624 ao
798 1567 909 1625 eontra
923 1582 958 1625 se
974 1569 1077 1625 eastra

166 1665 333 1745 habuisse3
364 1685 418 1729 eas
449 1685 560 1728 omnes
593 1665 700 1748 copias
727 1685 791 1728 uno
821 1662 944 1747 proelio
969 1665 1076 1748 pulsas

132 1802 145 1839 4
167 1773 248 1832 esse.
275 1768 314 1831 ‘si
327 1767 444 1831 iterum
460 1767 600 1851 experiri
615 1767 724 1848 velint,
748 1787 781 1830 se
798 1767 914 1830 iterum
930 1774 1075 1850 paratum

169 1892 238 1937 esse
250 1870 432 1952 decertare3
456 1871 483 1935 si
501 1892 580 1956 paee
597 1872 654 1953 uti,
670 1871 814 1954 iniquum
830 1891 900 1934 esse
916 1889 1074 1952 recusare,

167 1974 252 2057 quod
284 1994 341 2037 sua
371 1974 536 2038 voluntate
566 1974 607 2036 ad
635 1973 668 2037 id
697 1981 823 2058 tempus
853 1972 1074 2057 pependerint.

132 2111 145 2148 5
166 2076 338 2140 amicitiam
352 2078 472 2161 populi
493 2076 632 2142 Romani
655 2078 716 2141 sibi
731 2083 917 2141 ornamento
936 2084 968 2141 et
981 2099 1074 2161 prae·

166 2179 267 2262 sidio,
299 2199 365 2243 non
397 2178 590 2244 detrimento
626 2199 695 2243 esse
732 2185 881 2263 oportere
911 2179 1007 2263 idque
1041 2201 1075 2244 se

164 2283 294 2366 petisse.
338 2282 364 2345 si
394 2303 452 2365 per
480 2281 636 2365 populum
667 2280 852 2344 Romanum
881 2281 1075 2366 stipendium

163 2386 345 2449 remittatur
376 2391 408 2450 et
438 2385 579 2449 dediticii
608 2384 852 2466 subtrahantur,
882 2406 948 2448 non
971 2386 1075 2449 minus

165 2488 302 2553 libenter
340 2495 560 2554 recusaturum
590 2488 702 2572 populi
733 2487 872 2551 Romani
905 2488 1075 2551 amicitiam

131 2622 144 2658 a
167 2615 262 2676 quam
275 2592 456 2677 adpetierit.
490 2592 576 2676 quod
591 2591 829 2655 multitudinem
842 2590 1075 2655 Germanorum

164 2696 326 2777 traducat,
357 2695 390 2757 id
413 2716 447 2759 se
471 2695 636 2758 muniendi
659 2716 753 2759 eausa
774 2696 896 2759 faeere:
935 2696 1003 2758 eius
1026 2697 1075 2759 rei

164 2799 384 2862 testimonium
407 2818 489 2879 esse,
512 2798 598 2882 quod
620 2798 741 2863 bellum
762 2818 828 2861 non
850 2798 994 2861 intulerit
1017 2798 1075 2861 sed

131 2927 143 2966 r
166 2901 355 2964 defenderit.
394 2922 567 2985 numquam
583 2906 656 2965 ante
679 2901 742 2966 hoo
756 2906 881 2984 tempus
898 2902 1074 2964 exereitum

130 3003 347 3086 aprovinoiae
377 3004 491 3067 finibus
524 3024 699 3086 egressum.
751 3004 829 3089 quid
862 3005 932 3067 sibi
952 3005 1073 3068 vellet?

165 3127 221 3170 our
255 3106 288 3168 in
326 3127 398 3169 suas
435 3107 655 3191 possessiones
692 3106 840 3172 veniret?
877 3107 1074 3190 provinciam

165 3227 254 3269 suam
276 3207 358 3270 hano
383 3207 529 3291 Galliam,
553 3209 641 3272 illam
664 3216 815 3274 nostram.
857 3215 892 3273 ut
914 3211 974 3294 ipsi
998 3233 1073 3276 oon-

165 3309 237 3373 oedi
259 3330 324 3372 non
348 3318 528 3395 oporteret,
559 3313 585 3375 si
608 3313 641 3375 in
662 3319 790 3376 nostros
817 3312 896 3376 fines
919 3313 1073 3398 impetum

164 3412 302 3494 faceret,
336 3415 380 3476 sio
404 3415 484 3478 item'
505 3435 563 3478 nos
588 3437 656 3478 esse
680 3415 820 3500 iniquos,
850 3414 937 3500 quod
960 3416 994 3478 in
1015 3437 1072 3480 suo
