2332 3892
167 194 229 257 136
553 199 601 248 vr.
631 201 725 250 a-ro.

173 370 344 454 propinqui
372 370 599 452 Indutiomari,
629 372 683 456 qui
714 371 905 436 defectionis
934 379 1080 450 auctores

138 492 152 531 1
172 473 306 539 fuerant.
338 474 547 560 Cingetorigi,
571 496 666 560 quem
689 475 729 539 ab
751 476 842 540 initio
865 476 1080 560 permansisse

141 612 146 644 .·
171 577 204 640 in
228 577 332 645 officio
356 578 660 662 demonstravimus,
682 580 879 664 principatus
903 586 1001 664 atque
1024 581 1080 644 im·

170 681 296 763 perium
320 688 369 745 est
391 682 553 747 traditum.

136 807 149 849 1
230 784 294 854 IX.
334 785 467 869 Caesar,
497 794 667 872 postquam
696 809 738 852 ex
760 789 919 873 Menapiis
947 789 982 853 in
1004 790 1078 853 Tre·

169 909 264 953 veros
286 889 393 971 venit,
423 888 546 953 duabus
576 889 616 954 de
646 891 748 954 causis
770 891 923 956 Rhenum
945 893 1078 956 transire

134 1013 148 1052 1
167 992 347 1058 constituit:
371 992 457 1075 quod
479 992 600 1060 auxilia
614 992 763 1058 Treveris
781 995 945 1077 miserant,
969 995 1074 1074 altera,

134 1117 209 1162 ene
237 1095 410 1161 Ambiorix
437 1103 604 1181 receptum
632 1097 776 1169 haberet.
820 1097 955 1181 paulum
985 1118 1076 1182 supra

166 1221 243 1265 eum
264 1201 386 1284 locum,
420 1221 483 1285 quo
507 1207 581 1265 ante
605 1201 784 1274 exereitum
805 1199 1010 1283 traduxerat,
1031 1201 1074 1264 fa·

131 1328 146 1367 1
168 1322 241 1366 cere
263 1309 396 1387 pontem
417 1302 564 1382 instituit.
607 1309 685 1367 nota
706 1303 831 1368 ratione
853 1325 973 1388 magno
996 1304 1074 1368 mili·

131 1414 235 1471 stum
257 1406 363 1472 studio
386 1406 496 1491 paucis
520 1406 633 1474 diebus
656 1407 800 1473 efficitur.
830 1407 923 1484 firmo
946 1407 1072 1490 inTre·

166 1510 250 1575 veris
273 1509 435 1594 praesidio
457 1510 596 1592 relicto,
609 1511 723 1595 nequis
746 1497 851 1587 subito
875 1517 985 1576 motus
1007 1531 1073 1577 ore·

126 1637 144 1684 a
165 1620 262 1696 retur,
277 1615 416 1698 reliquas
433 1615 542 1699 copias
559 1615 797 1699 equitatumque
813 1613 962 1679 traducit.
989 1615 1071 1698 Ubii,

165 1719 221 1802 qui
249 1724 322 1782 ante
355 1718 484 1783 obsides
507 1717 670 1786 dederant
692 1724 787 1803 atque
810 1719 844 1782 in
875 1717 1070 1783 deditionem

138 1881 140 1885 ,
164 1826 327 1902 venerant,
352 1821 478 1905 legatos
500 1822 646 1887 mittunt:
669 1841 784 1905 ,neque
807 1820 929 1901 auxilia
950 1821 1072 1886 inTra·

129 1944 142 1983 1
163 1943 258 1987 veros
280 1924 499 2009 missaneque
513 1922 612 1988 fidem
626 1924 763 2005 laesam;
786 1930 906 2007 parcat,
930 1944 1072 2008 necom-

140 2027 252 2112 muni
276 2027 350 2092 odio
375 2028 610 2109 Germanorum
632 2028 819 2111 innocentes
841 2047 901 2111 pro
930 2029 1072 2112 nocenti·

133 2191 135 2196 .
162 2129 223 2193 bus
250 2150 373 2215 peenas
399 2131 557 2215 pendant3
589 2131 616 2194 si
643 2131 782 2214 ¹amplius
815 2130 968 2196 obsidum.
986 2133 1072 2217 velit,

127 2231 252 2298 adari‘
298 2235 427 2318 cognita
457 2234 577 2306 Caesar
603 2255 699 2306 eausa
729 2235 850 2318 reperit
887 2235 927 2299 ab
958 2234 1073 2323 Suebis

131 2394 138 2401 .
162 2337 283 2400 auxilia
305 2337 403 2401 missa
425 2357 512 2418 essec
535 2322 694 2405 Ubiorum
716 2337 972 2423 satisfactionem
991 2339 1072 2425 acci·

160 2440 218 2522 pit,
241 2440 347 2504 aditus
369 2442 501 2525 viasque
524 2442 559 2504 in
580 2441 705 2506 Suebos
727 2440 892 2532 perquirit.
981 2493 1005 2497 ,a

126 2567 166 2606 1<
202 2540 268 2605 'X.
299 2542 435 2607 Interim
456 2544 492 2607 fit
514 2543 554 2608 ab
570 2543 664 2608 Ubiis
687 2545 803 2608 certior
818 2543 943 2625 Suebos
961 2565 1072 2609 omnes

161 2645 270 2728 copias
301 2666 418 2729 eogere
450 2653 545 2731 atque
582 2647 622 2711 iis
653 2646 853 2728 nationibus,
876 2667 977 2732 quac
1013 2648 1070 2712 sub

159 2767 272 2811 eorum
293 2748 446 2832 imperio,
475 2749 679 2834 denuntiare,
709 2757 744 2815 11
760 2749 1072 2834 Ι11111111111111111111

124 2849 383 2935 aequitatusque
413 2852 552 2917 mittant.
597 2854 648 2921 his
689 2853 825 2938 cognitis
864 2853 964 2919 rebus
1002 2875 1071 2920 rem

157 2953 398 3018 frumentariam
426 2954 593 3038 providet,
630 2957 741 3020 castris
777 2955 932 3021 idoneum
963 2957 1070 3022 locum

30 3071 32 3075 ’
128 3095 137 3129 ὁ·
159 3053 287 3138 deligit;
309 3055 403 3120 Ubiis
426 3058 572 3142 imperat,
594 3065 628 3122 ut
651 3080 771 3143 pecora
792 3058 973 3141 deducant,
992 3079 1069 3144 ,spef

155 3177 234 3224 raus⁴
260 3157 412 3224 barbaros
444 3167 540 3245 atque
571 3162 739 3245 imperitos
776 3161 924 3227 homines
958 3162 1069 3247 inopia

157 3259 349 3327 cibariorum
371 3262 488 3328 adduci
510 3263 551 3327 ad
567 3264 710 3350 iniquam
723 3263 890 3349 pugnandi
905 3262 1067 3336 condicio·

117 3386 137 3424 a,
155 3380 231 3427 nem
244 3383 364 3446 posse,
382 3366 540 3457 mandat,
557 3373 608 3440 ¹ut
637 3368 766 3434 crebros
790 3367 1013 3452 exploratores
1034 3368 1076 3432 in
