2332 3892
486 259 521 310 V.
549 256 662 311 ti-bss.
969 259 1031 322 129

126 426 343 493 munitissimis
372 428 480 492 castris
509 451 580 495 sese
603 436 748 513 teneret,
781 430 820 496 de
843 450 901 494 suo
925 450 962 494 ac
984 428 1031 493 le-

127 530 230 612 gionis
261 531 406 615 periculo
435 531 530 614 nihil,
569 553 708 619 nequam
743 534 953 598 occasionem*
983 533 1030 597 rei
1063 542 1072 575 ·'

125 633 204 699 bene
251 633 416 718 gerendae
460 635 654 720 dimitteret,
699 638 870 721 cogitabat.
922 638 1066 722 itaquae

126 738 271 806 oratione
294 738 507 804 Indutiomari
536 741 680 823 cognita,
693 741 792 804 mittit
819 739 862 805 ad
883 739 1032 804 finitimas

126 841 269 904 civitates
300 840 488 926 equitesque
517 841 659 927 undique
689 848 817 908 evocat:
848 843 933 907 diam
955 862 1032 906 con·
1099 889 1102 893 -

125 942 276 1008 veniendi
300 943 385 1009 dicit.
423 946 550 1010 inerim
573 967 676 1031 prope
700 945 832 1011 cottidie
857 946 1033 1009 cumomni
1054 968 1067 1007 a

127 1049 270 1133 equitatu
285 1047 523 1114 Indutiomarus
547 1051 605 1114 sub
629 1051 739 1115 castris
763 1050 831 1115 eius
846 1048 1032 1132 vagabatur,

128 1150 250 1233 equites
272 1151 461 1236 plerumque
485 1153 550 1216 tela
573 1153 654 1216 intra
677 1152 797 1216 vallum
820 1151 1032 1217 coniciebant.

126 1249 285 1316 Labienus
314 1273 389 1316 suos
412 1254 596 1318 continebat
623 1254 811 1337 timorisque
836 1254 1032 1338 opinionem,
1054 1275 1068 1316 r

128 1356 378 1439 quibuscumque
399 1361 527 1440 poterat
549 1358 654 1439 rebus,
677 1356 825 1440 augebat.

186 1458 311 1533 LVIII.
354 1458 436 1523 Oum
466 1459 587 1524 maiore
619 1460 651 1522 in
690 1459 758 1524 dies
793 1461 1067 1544 contemptioner

127 1559 362 1624 Indutiomarus
385 1561 427 1624 ad
448 1568 550 1625 castra
573 1561 758 1644 accederet,
781 1569 876 1627 nocte
899 1585 964 1628 una
985 1565 1033 1627 in·

127 1665 281 1730 tromissia
305 1664 482 1748 equitibus,
512 1685 593 1749 quos
623 1663 834 1730 accersendos
857 1672 1033 1748 curaverat,

127 1773 212 1831 tanta
235 1767 402 1851 diligentia
426 1787 536 1832 omnes
560 1787 634 1833 suos
649 1767 733 1831 intra
749 1774 852 1832 castra
866 1769 1032 1850 continuit,

126 1876 158 1935 ut
189 1871 280 1936 nulla
310 1871 433 1935 ratione
466 1892 504 1936 ea
535 1892 586 1937 rea
616 1872 773 1937 enuntiari
803 1870 844 1934 ad
873 1871 1032 1936 Treveros

126 1982 247 2059 posset.
299 1997 342 2040 ex
373 1974 604 2040 consuetudine
641 1973 803 2039 cotidiana
831 1972 1066 2037 Indutiomar

126 2099 175 2142 rus
198 2078 242 2143 ad
264 2085 368 2143 cestra
397 2076 537 2160 accedit3
568 2078 692 2163 equites
722 2079 789 2142 tela
812 2077 974 2141 coniciunt
1000 2083 1033 2142 et

126 2201 242 2264 magna
278 2202 351 2246 cum
387 2181 582 2247 contumelia
616 2181 790 2246 verborum
821 2180 862 2245 ad
891 2202 1032 2265 pugnam

126 2288 270 2347 evocant.
321 2284 410 2347 nullo
444 2283 518 2348 dato
550 2304 721 2368 responso,
755 2283 810 2346 ubi
839 2283 944 2347 visum
973 2289 1064 2364 esta

125 2387 181 2451 sub
218 2406 390 2471 vesperum
430 2386 565 2471 dispersi
604 2386 782 2451 discedunt.
826 2387 931 2450 subito
968 2386 1066 2454 Ira-r

124 2489 236 2554 bienus
262 2489 385 2554 duabus
407 2492 508 2574 portis
539 2511 668 2557 omnem
697 2491 876 2575 equitatum
900 2491 1032 2572 emittit3

125 2590 302 2675 interdicit,
325 2593 504 2677 proterritis
527 2594 672 2658 hostibus
702 2591 807 2678 (quod
835 2594 921 2675 fore,
953 2596 1033 2658 sicut

125 2695 253 2778 accidit,
293 2694 437 2776 videbat)
474 2697 587 2779 nequis
625 2717 721 2781 quem
759 2697 847 2782 prius
885 2697 1035 2762 vulneret

125 2820 218 2884 quam
261 2798 352 2864 illum
395 2800 600 2866 interfectum
637 2799 773 2882 viderit,
819 2800 906 2885 quod
943 2820 1035 2864 mora

124 2905 321 2988 reliquorum
354 2905 492 2989 spatium
522 2910 673 2968 nanctum
706 2904 850 2986 effugere
886 2904 1032 2984 nolebat,

126 3027 241 3091 magna
271 3007 424 3091 proponit
458 3007 516 3090 iis,
554 3007 609 3091 qui
647 3006 841 3088 occiderint,
872 3008 1067 3091 praemia35

127 3109 283 3174 submittit
322 3110 471 3175 cobortes
512 3110 682 3195 equitibus.
736 3109 924 3194 comprobat
956 3130 1066 3173 con-c

129 3213 231 3278 silium
252 3212 382 3278 fortuna
404 3219 446 3296 et,
470 3233 543 3278 cum
566 3235 665 3278 unum
688 3234 800 3278 omnes
819 3218 977 3298 peterent,
999 3215 1032 3277 in

129 3316 193 3400 ipso
216 3317 356 3380 fluminis
378 3316 462 3381 vado
488 3316 663 3401 deprensus
678 3317 918 3381 Indutiomarus
933 3317 1031 3382 inter·

130 3416 228 3482 dcitur
250 3424 408 3504 caputque
433 3420 500 3484 eiua
514 3420 653 3484 refertur
668 3422 701 3484 in
716 3427 834 3502 castra3
857 3420 1030 3485 redeuntes
