2332 3892
480 261 542 311 VII.
572 261 684 311 oa-ot.
973 261 1031 322 185

125 455 237 499 manos
262 433 434 498 excludere
456 440 597 518 possent.
627 453 722 516 quam
738 433 778 497 ad
794 454 884 518 spem
899 435 1034 497 multum
1042 455 1067 494 1c

127 558 182 602 eos
213 537 401 621 adiuvabat,
432 538 518 621 quod
540 538 638 621 Liger
668 559 709 602 ex
731 539 857 602 nivibus
880 545 1033 602 creverat.

189 641 278 704 LVI.
299 641 420 715 Quibus
429 642 525 706 rebus
537 642 673 726 cognitis
685 641 802 707 ansar
810 631 1033 706 maturandum
1055 660 1067 699 1

126 747 187 810 sibi
210 745 343 827 censuit,
367 746 394 809 si
417 753 502 810 esset
517 747 550 811 in
565 746 768 832 perficiendis
783 746 934 831 pontibus
949 748 1033 830 peri-

127 848 311 931 clitandum,
335 855 372 912 ut
392 850 480 933 prius
503 870 599 934 quam
622 857 728 914 essent
750 851 888 915 maiores
905 856 1033 914 coactae

104 1015 105 1021 ,
127 954 239 1038 copiae
260 952 436 1018 dimicaret.
466 975 542 1018 nam
556 974 597 1018 ne
614 959 808 1019 commutato
825 954 957 1018 consilio
972 954 1034 1018 iter
1055 973 1071 1019 a·

126 1059 158 1122 in
180 1057 379 1141 provinciam
402 1063 611 1138 converteret,
635 1077 708 1119 oum
730 1056 860 1120 infamia
876 1064 971 1141 atque
986 1058 1034 1120 in·

127 1159 266 1243 dignitas
280 1159 328 1223 rei
344 1164 377 1223 et
392 1159 559 1243 oppositus
573 1180 665 1223 mons
681 1158 832 1247 Cevenna
846 1161 1033 1244 viarumque

127 1264 294 1329 difficultas
308 1264 502 1348 inpediebat,
521 1269 590 1327 tum
609 1264 760 1346 maxime,
782 1263 868 1347 quod
884 1263 1032 1330 abiuncto

125 1367 268 1431 Labieno
300 1367 508 1432 vehementer
537 1366 679 1431 timebat.
721 1367 829 1450 itaque
859 1367 1068 1433 admodums

125 1472 249 1555 magnis
280 1470 400 1534 diurnis
428 1471 655 1554 nocturnisque
683 1470 851 1535 itineribus
881 1472 1033 1537 conlectis

127 1581 236 1637 eontra
252 1574 394 1638 omnium
411 1574 595 1658 opinionem
609 1573 652 1637 ad
666 1572 816 1657 Ligerem
832 1574 920 1638 venit
935 1575 1033 1640 vado·
1055 1597 1068 1637 a

126 1697 186 1760 que
214 1697 275 1760 per
305 1677 428 1760 equites
456 1677 586 1742 invento
609 1697 668 1760 pro
691 1678 739 1741 rei
761 1679 953 1742 necessitate
978 1700 1033 1763 op-

125 1786 280 1865 portuno,
303 1787 338 1845 ut
360 1781 491 1846 brachia
512 1781 609 1845 modo
632 1786 728 1864 atque
750 1781 853 1846 umeri
876 1781 919 1846 ad
940 1784 1034 1847 susti·

126 1884 231 1950 nenda
252 1905 340 1948 arma
361 1884 455 1949 liberi
470 1884 509 1948 ab
526 1904 608 1967 aqua
624 1904 695 1949 esse
710 1892 852 1970 possent,
876 1886 1033 1970 disposito

127 1990 279 2073 equitatu,
303 1990 357 2072 qui
379 1989 444 2054 vim
465 1989 603 2053 fluminis
618 1988 841 2073 refringerent,
865 1994 960 2072 atque
975 1991 1032 2055 ho·

127 2093 226 2157 stibus
248 2093 351 2177 primo
375 2098 507 2176 aspectu
523 2092 717 2176 perturbatis
731 2092 925 2157 incolumem
941 2114 1033 2158 exer·

127 2197 223 2260 citum
244 2195 387 2260 traduxit
409 2195 665 2279 frumentumque
688 2196 721 2259 in
743 2195 828 2278 agris
852 2201 884 2259 et
906 2197 1032 2279 pecoris
1054 2223 1068 2261 a

128 2300 252 2384 copiam
269 2303 402 2363 nanetus
425 2299 487 2362 iter
508 2299 542 2363 in
565 2298 708 2363 Senonas
731 2298 835 2362 facere
856 2298 981 2362 institit.

188 2402 294 2466 LVII.
324 2401 484 2467 Labienus
508 2423 547 2466 eo
572 2403 805 2486 supplemento,
830 2402 916 2485 quod
931 2424 1033 2487 nuper
1054 2429 1066 2468 1

129 2526 168 2570 ex
189 2505 285 2570 Italia
305 2511 451 2588 venerat,
480 2506 592 2571 relioto
615 2505 791 2590 Agedinci,
821 2511 857 2570 ut
879 2513 965 2596 esset
986 2509 1033 2571 in·

126 2608 319 2693 pedImentis
341 2609 513 2692 praesidio,
538 2631 610 2673 cum
631 2633 661 2672 rv
675 2609 856 2694 legionibus
871 2609 1033 2676 Lutetiam

126 2711 346 2796 proficiscitur,
371 2711 525 2796 oppidum
539 2711 745 2795 Parisiorum,
768 2713 910 2794 positum
931 2714 964 2776 in
986 2714 1033 2778 in·

128 2817 195 2881 sula
224 2814 364 2878 fluminis
395 2815 572 2898 Sequanae.
615 2815 704 2879 ouius
733 2814 873 2879 adventu
905 2817 1067 2898 cognitor

128 2936 262 3002 magnae
278 2916 389 3000 copiae
406 2924 633 2981 convenerunt.
660 2938 782 2981 summa
796 2917 922 3002 imperii
937 2918 1033 2981 tradi-
1054 2950 1066 2988 ³

128 3026 176 3085 tur
186 3018 406 3103 Camulogeno
414 3017 565 3101 Auleroo,
578 3019 632 3102 qui
640 3039 741 3102 prope
755 3019 916 3083 confectus
929 3025 1033 3084 aetate

128 3127 234 3187 tamen
261 3126 394 3205 propter
416 3121 611 3205 singularem
633 3122 799 3185 scientiam
819 3122 867 3184 rei
889 3122 1034 3185 militaris

129 3225 167 3289 ad
196 3245 271 3289 eum
300 3230 349 3287 est
370 3223 529 3288 honorem
553 3229 714 3288 evocatus.
748 3225 775 3287 is
799 3244 870 3286 oum
893 3224 1067 3295 animad·4

128 3328 275 3393 vertimet
296 3331 485 3409 perpetuam
509 3345 579 3388 esse
601 3326 760 3410 paludem,
784 3345 865 3409 quae
888 3326 1034 3391 influeret

129 3431 160 3496 in
181 3431 361 3514 Sequanam
390 3435 485 3512 atque
509 3429 600 3491 illum
625 3449 752 3493 omnem
773 3429 879 3492 locum
902 3450 1033 3512 magno-
