2332 3892
208 215 270 278 176
568 211 632 262 vu.
659 212 771 262 eo-eo.

210 386 378 468 ducuntur,
395 404 475 469 quoe
494 384 548 449 ille
566 383 750 466 edocuerat,
766 389 862 468 utque
880 383 998 448 eedem
1013 383 1112 447 multi·

173 514 187 552 o
207 490 310 553 tudini
338 493 522 573 exponunt:
553 488 687 572 ,equites
709 487 901 552 Aeduorum
924 488 1113 570 interfectos,

208 592 296 678 quod
319 591 482 657 oonloeuti
499 610 571 654 oum
587 589 742 656 Arvernis
760 590 959 673 dicerentur,
984 593 1071 677 ipsos
1084 613 1113 656 ee

173 719 250 762 oex
279 697 388 762 medie
417 695 516 760 caede
547 692 688 778 fugisse!
727 694 930 758 conclamant
952 693 1062 759 Aedui
1087 699 1115 758 et

174 802 405 867 rLitavieoum
444 799 629 881 obsecrent,
666 804 702 862 ut
733 799 794 863 eibi
825 798 983 862 consulat.
1023 798 1115 882 ,queri

208 902 297 969 vero‘
327 903 430 988 inquit
459 902 513 967 ille
543 901 678 983 ,consilii
701 902 742 965 eit
764 922 817 966 ree
840 921 968 964 eonon
990 922 1115 966 neeesse

207 1008 301 1072 nobie
334 1006 531 1090 Gergoviam
566 1004 763 1070 contendere
796 1009 830 1068 et
861 1025 935 1068 oum
966 1003 1115 1070 Arvernis

174 1114 337 1177 onosmet
365 1109 573 1191 coniungere.
605 1128 646 1171 en
669 1106 867 1189 dubitamus,
899 1106 979 1191 quin
1000 1108 1115 1173 nefario

209 1214 350 1279 facinore
367 1212 506 1276 admisso
516 1211 657 1276 Romani
672 1211 736 1273 iem
752 1209 794 1273 ad
807 1229 866 1273 noe
882 1209 1116 1276 interficiendos

210 1317 422 1381 concurrant?
444 1315 591 1400 proinde,
615 1315 721 1399 siquid
743 1315 777 1378 in
799 1314 891 1378 nobie
917 1315 1027 1399 enimi,
1049 1336 1115 1401 per·

210 1440 380 1505 sequamur
409 1439 521 1483 eornm
550 1424 706 1501 mortem,
736 1417 791 1503 qui
820 1417 1045 1501 indignissime
1073 1421 1114 1483 in-

175 1550 190 1592 o
210 1523 375 1605 terierunt,
386 1529 482 1607 etque
493 1523 554 1587 hoe
565 1523 707 1587 latrones
717 1521 965 1587 interficiamus!
983 1523 1115 1589 ostendit

211 1627 298 1692 cives
320 1626 502 1709 Romenoe,
532 1626 586 1710 qui
609 1626 677 1690 eius
699 1625 853 1710 praesidii
874 1626 995 1690 fiducie
1016 1629 1050 1692 in
1071 1628 1115 1691 vie

211 1735 318 1811 erant3
340 1729 502 1793 frumenta
523 1733 785 1814 commeatusque
805 1729 924 1814 diripit,
947 1731 1037 1815 ipsos
1052 1753 1113 1796 eru-

177 1834 328 1900 rodeliter
367 1833 567 1897 excruciatos
603 1831 762 1896 interficit.
797 1833 939 1897 nuntios
983 1835 1113 1916 dimittit,

211 1939 374 2020 hortetur,
405 1942 441 2000 ut
469 1934 564 2000 simili
592 1936 717 2002 ratione
745 1957 821 2001 uuae
849 1937 983 2002 iniuriae
1014 1959 1112 2024 perse
1150 1989 1152 1992 .

212 2046 358 2125 quantur.

180 2169 190 2209 r
276 2142 436 2208 XXXIX.
460 2142 676 2227 Eporedorix,
699 2164 822 2209 summo
845 2144 919 2209 loeo
934 2151 1029 2211 notus
1045 2146 1113 2211 adu·

211 2249 337 2313 leeoene
360 2252 393 2310 et
415 2265 559 2311 summae
584 2246 672 2310 domi
694 2248 870 2332 potentiae,
894 2254 928 2312 et
950 2270 1016 2314 uno
1037 2249 1113 2313 Viri·

213 2351 373 2431 domarus,
395 2349 465 2432 peri
488 2353 593 2414 eetate
616 2355 650 2415 et
664 2351 768 2432 gratie
782 2350 841 2416 sed
855 2371 979 2436 genere
996 2353 1114 2438 dispari,

213 2474 308 2538 quem
339 2452 458 2516 Caesar
489 2450 529 2514 eb
558 2450 719 2517 Divitieoo
751 2453 904 2518 traditum
936 2475 980 2523 ex
1011 2453 1115 2519 humili

212 2556 254 2620 ad
282 2575 438 2619 summam
468 2552 656 2637 dignitatem
678 2556 890 2641 perduxerat,
920 2559 956 2622 in
979 2560 1114 2645 equitum

211 2679 345 2724 numero
377 2662 594 2723 convenerant
623 2660 812 2724 nominatim
843 2660 881 2724 ab
914 2682 955 2727 eo
987 2663 1114 2729 evoeoti.

176 2795 190 2834 2
211 2766 244 2829 in
266 2763 322 2827 illa
343 2761 562 2826 controversia
583 2761 664 2826 alter
680 2783 740 2847 pro
758 2764 1020 2850 Convictolitavi,
1043 2768 1115 2832 alter

176 2888 269 2955 apro
305 2865 387 2929 Coto
422 2865 552 2928 summis
585 2863 698 2948 opibus
728 2873 959 2950 pugnaverant.
1000 2890 1045 2934 ex
1072 2869 1114 2935 hir

212 2969 417 3057 Eporedorix
440 2968 570 3052 cognito
588 2967 743 3034 Litavioei
765 2971 898 3035 oonsilio
923 2973 1034 3039 medie
1054 2973 1114 3039 iere

211 3081 307 3141 noete
329 3093 398 3136 rem
421 3071 463 3135 ad
481 3071 653 3135 Caesarem
678 3071 797 3156 defert,
821 3080 892 3138 orat
914 3095 966 3158 ,ne
983 3077 1114 3161 patiano

212 3180 374 3244 civitatem
402 3175 508 3262 pravis
537 3175 792 3240 adulescentium
814 3177 955 3242 consiliis
980 3180 1020 3244 eb
1043 3179 1113 3244 emi·

212 3284 286 3348 oitie
313 3281 425 3367 populi
447 3280 586 3345 Romani
612 3280 767 3347 deficere:
798 3283 885 3367 quod
907 3284 1066 3367 futurum,
1092 3280 1114 3346 ri

212 3410 246 3452 se
270 3393 318 3451 tot
340 3388 507 3451 hominum
529 3387 617 3452 milia
636 3408 709 3451 oum
724 3388 868 3452 hostibus
884 3388 1112 3465 coniunxerint
