2332 3892
480 251 558 302 vm.
588 251 700 302 aa-as.
984 253 1046 315 225

130 406 308 508 equitatum
332 421 453 486 sedne
477 423 622 506 legiones
646 423 777 507 quidem
799 445 906 509 posse,
929 425 1044 510 triper-

128 528 186 591 tito
212 526 400 590 cohortibus
425 525 534 590 divisis
557 528 641 591 trina
656 529 832 593 celsissimo
852 530 924 593 loeo
942 536 1045 593 castra

128 632 219 713 fecit3
244 653 263 695 a
287 630 401 715 quibus
424 631 595 715 paulatim,
627 639 781 716 quantum
805 634 918 717 copiae
940 635 1043 718 patie-
1068 655 1080 693 2

128 736 255 817 bantur,
277 735 398 800 vallum
422 736 454 798 in
474 735 584 820 oppidi
601 737 767 800 circuitum
784 738 902 802 ducere
918 739 1043 801 institit.

192 841 354 905 XXXIV.
389 840 484 915 Quod
508 862 579 904 oum
604 843 746 905 animum
761 841 969 906 adverterent
986 863 1043 926 op·
1067 873 1077 912 1

128 946 239 1030 pidani
277 945 519 1030 miserrimaque
557 945 688 1010 Alesiae
722 947 879 1010 memoria
916 947 1044 1010 solliciti

128 1050 269 1115 similem
286 1071 395 1114 casum
409 1055 599 1114 vererentur
615 1050 819 1132 maximeque
837 1071 879 1114 ex
896 1050 1043 1114 omnibus

127 1154 313 1234 Lucterius,
343 1154 397 1238 qui
419 1153 566 1217 fortunae
595 1153 681 1217 illius
709 1153 888 1237 periculum
911 1153 1043 1234 fecerat,

126 1264 278 1324 moneret
300 1257 452 1322 frumenti
473 1257 633 1321 rationem
656 1278 727 1320 esse
750 1257 943 1339 habendam,
967 1279 1043 1321 con-

126 1363 266 1426 st'tuunt
290 1363 431 1426 omnium
455 1384 614 1427 consensu
629 1369 720 1447 parte
744 1363 855 1426 relicte
878 1362 1044 1446 copiarum

127 1486 203 1530 cum
226 1465 389 1550 expeditis
417 1465 459 1530 ad
487 1467 728 1550 importandum
750 1467 945 1530 frumentum
967 1486 1042 1551 pro-

125 1569 236 1633 ficisci.
283 1590 321 1633 eo
346 1570 480 1634 consilio
504 1571 640 1654 probato
671 1571 820 1653 proxima
842 1578 937 1635 nocte
962 1570 1043 1634 duo·
1067 1598 1079 1637 2

125 1673 187 1736 bus
210 1673 340 1738 milibus
355 1680 553 1738 armatorum
568 1675 689 1739 relictis
705 1676 846 1758 reliquos
863 1697 904 1740 ex
922 1674 1042 1759 oppido

126 1776 277 1863 Drappes
309 1785 342 1843 et
370 1778 540 1844 Lucterius
570 1780 721 1844 educunt.
742 1839 745 1845 ,
767 1779 801 1842 hi
829 1800 949 1863 paucos
974 1779 1043 1843 dies
1065 1806 1078 1845 s

124 1883 243 1945 morati
266 1905 309 1947 ex
332 1883 446 1947 finibus
470 1883 701 1965 Cadurcorum,
726 1884 780 1967 qui
802 1884 918 1967 partim
935 1885 1042 1948 suble·

125 2008 203 2050 vare
220 2008 278 2051 eos
295 1989 475 2073 cupiebant,
491 1988 608 2073 partim
618 1988 791 2072 prohibere
803 2008 869 2050 non
880 1992 1041 2070 poterant,

125 2111 280 2175 magnum
303 2113 473 2157 numerum
490 2092 644 2156 frumenti
661 2098 858 2175 comparant,
881 2113 1041 2155 nonnum-

126 2214 223 2278 quam
261 2188 370 2261 autem
412 2196 673 2280 expeditionibus
709 2197 873 2260 nocturnis
911 2197 1044 2260 castella

124 2305 312 2363 nostrorum
342 2299 548 2364 adoriuntur:
584 2320 680 2385 quam
711 2300 751 2363 ob
788 2321 916 2364 causam
946 2300 1078 2364 Cani-4

125 2402 198 2466 nius
213 2408 284 2466 toto
303 2405 423 2489 oppido
439 2407 634 2470 munitiones
650 2407 848 2472 circumdare
865 2414 1041 2472 cunctatur.

190 2507 334 2573 XXXV.
358 2508 477 2593 Magna
489 2510 582 2594 copia
597 2510 749 2573 frumenti
764 2518 950 2595 comparata
965 2531 1041 2575 oon·
1065 2541 1076 2578 1

125 2610 235 2675 sidunt
257 2612 409 2697 Drappes
432 2619 465 2676 et
486 2611 656 2677 Lucterius
680 2635 745 2677 non
767 2615 896 2698 longius
919 2614 959 2678 ab
984 2637 1041 2701 op-

124 2715 201 2800 pido
239 2716 353 2781 decem
385 2718 524 2782 milibus.
581 2719 643 2802 ipsi
676 2719 760 2783 lntor
792 2741 827 2784 se
859 2721 1077 2804 provinciasa

125 2821 326 2904 partiuntur:
356 2821 505 2906 Drappes
530 2823 639 2885 eastris
669 2822 830 2906 praesidio
855 2844 928 2886 cum
950 2831 1041 2908 parte

126 2925 292 3009 copiarum
314 2927 448 3006 restitit,
477 2925 647 2991 Lucterius
678 2945 795 3008 agmen
824 2927 1041 2990 iumentorum

126 3027 211 3093 ducit
251 3028 414 3113 dispositis
451 3031 620 3115 praesidiis
658 3033 740 3113 hora
772 3033 876 3095 noctis
915 3032 1074 3096 circitere

126 3133 252 3197 decima
267 3133 467 3198 silvestribus
484 3137 690 3221 angustisque
704 3136 880 3200 itineribus.
905 3157 1040 3220 qnorum
1063 3163 1076 3200 4

127 3240 293 3323 strepitum
324 3240 439 3324 vigiles
469 3248 646 3304 castrorum
676 3263 749 3305 cum
779 3241 953 3304 sensissent
983 3263 1040 3305 ex-

128 3343 370 3430 ploratoresque
393 3346 492 3428 missi,
516 3367 597 3430 quae
622 3351 830 3428 gererentur,
860 3347 1040 3410 renuntias-

130 3454 210 3530 sent,
248 3448 401 3513 Caninius
437 3450 586 3514 celeriter
617 3449 803 3513 cohortibus
836 3451 965 3512 armatis
999 3470 1039 3513 ex
