2332 3892
168 223 230 285 arc
540 223 618 274 vm.
647 224 759 273 15—17.
822 182 824 184 ’

168 405 372 479 conarentur,
396 418 437 461 ne
461 396 599 480 dispersi
620 397 838 480 turbarentur,
862 398 897 461 in
920 388 989 462 acic
1010 420 1069 483 per·

131 518 143 555 2
166 508 360 565 manserunt.
393 521 533 584 quorum·
550 501 728 584 pertinacia
751 501 882 586 cognita
903 525 949 565 xx
971 503 1069 567 eohor-

130 608 250 672 ³tibus
287 607 449 671 instructis
485 607 602 670 muniri
633 605 723 669 iubet
755 613 870 670 castra.
926 607 1068 671 absolutis

165 712 316 795 operibus
338 712 485 795 legiones
507 712 679 775 instructas
698 712 854 793 conlocat,
879 713 1005 797 equites
1019 712 1068 775 fre·

129 817 246 880 enatis
277 816 366 898 equis
398 814 549 898 disponit.
598 814 782 898 Bellovaci,
813 837 887 880 oum
915 816 1068 882 Romanos

163 927 293 1002 paratos
329 918 478 983 viderent
512 938 617 1002 neque
648 927 840 1003 pernoctare
872 927 930 984 aut
962 921 1067 985 diutius

163 1043 294 1087 manere
324 1022 393 1085 sine
422 1020 565 1104 periculo
594 1021 712 1086 eodem
736 1022 810 1087 loco
834 1031 988 1108 possent,
1015 1025 1067 1089 tale

128 1111 332 1191 tconsilium
362 1131 525 1208 ceperunt.
570 1126 673 1190 fasces
702 1147 761 1210 per
787 1149 902 1192 manus
927 1136 1066 1193 stramen·

162 1240 269 1296 torum
300 1252 337 1294 ac
367 1230 596 1314 virgultorum,
629 1251 765 1313 quorum
795 1253 922 1297 summa
951 1231 1066 1296 eratin

163 1334 273 1399 castris
305 1333 412 1417 copia,
442 1333 526 1397 inter
555 1353 590 1396 se
621 1333 755 1398 traditos
777 1341 852 1398 ante
875 1337 982 1400 aciem
1005 1357 1066 1401 ccu-

161 1441 307 1504 lcoarunt
337 1444 547 1521 extremoque
578 1437 630 1501 die
659 1439 752 1522 signo
782 1441 992 1522 pronuntiato
1014 1460 1065 1504 uno

127 1567 139 1606 s
162 1551 308 1627 ternpore
325 1543 546 1607 incenderunt.
578 1543 625 1606 ita
640 1543 808 1607 continens
823 1545 956 1609 flamma
972 1545 1064 1629 copias

163 1669 273 1712 omnes
303 1653 436 1731 repente
467 1654 685 1730 accnspectu
707 1649 807 1711 texit:
838 1648 928 1732 quod
949 1650 1005 1714 ubi
1026 1669 1064 1713 ae·

162 1753 248 1835 cidit,
272 1752 557 1817 vehementissimo
581 1774 676 1816 cursu
697 1752 897 1837 refugerunt.

126 1879 137 1917 1
224 1856 317 1921 XVI.
352 1856 480 1940 Caesar,
505 1857 566 1920 etsi
582 1857 761 1921 discessum
775 1859 920 1922 hostium
936 1860 1064 1923 animum

159 1962 327 2027 advertere
357 1984 423 2027 non
450 1968 592 2045 poterat,
622 1968 730 2026 tamen
752 1961 786 2025 id
810 1964 984 2028 consilium
1005 1981 1062 2027 eun

158 2067 254 2151 fugae
272 2087 366 2130 causa
381 2066 496 2129 initum
512 2066 736 2148 suspicaretur,
752 2073 926 2148 promovet
941 2072 1063 2143 turmas3

159 2170 228 2254 ipse
243 2169 374 2251 veritus,
390 2189 432 2232 ne
448 2168 530 2232 forte
547 2168 722 2233 subsistere
737 2168 840 2233 hostis
850 2176 949 2255 atque
961 2171 1064 2234 elicere

158 2280 286 2340 nostros
309 2273 473 2344 inlocum
496 2279 665 2337 conaretur
683 2273 838 2356 iniquum,
861 2273 987 2338 tardius
1002 2292 1063 2358 pro·

124 2399 135 2436 2
159 2377 253 2441 cedit.
297 2377 421 2460 equites
446 2398 516 2440 cum
538 2376 662 2440 fumum
685 2383 717 2439 et
738 2376 903 2441 flammam
924 2378 1064 2442 timerent

158 2502 211 2561 ao,
244 2481 326 2564 siqui
356 2480 502 2563 cupidius
531 2480 744 2560 intraverant,
772 2479 829 2544 vix
858 2501 993 2545 suorum
1014 2477 1063 2563 ipsi

157 2585 281 2667 priores
303 2590 411 2666 partes
435 2584 576 2647 animum
598 2583 804 2648 adverterent
827 2604 1001 2668 equorum,
1025 2584 1063 2646 in·

158 2688 254 2751 sidias
270 2689 364 2752 veriti
377 2688 512 2752 liberam
521 2688 706 2752 facultatem
717 2689 766 2751 sui
775 2689 956 2772 reeipiendi
965 2689 1060 2754 Bello·

121 2819 133 2857 3
156 2792 244 2856 racis
268 2790 436 2855 dederunt.
466 2793 512 2855 ita
526 2791 603 2875 fuga
617 2793 751 2875 timoris,
776 2793 874 2856 simul
891 2791 1060 2858 calliditatis

155 2896 252 2978 plena
288 2895 357 2958 sine
392 2895 458 2959 ullo
491 2895 685 2961 detrimento
718 2897 807 2961 milia
837 2920 906 2963 non
936 2897 1058 2983 amplius

157 2999 269 3063 decem
296 3000 460 3083 progressi
489 2999 600 3063 hostes
628 3001 701 3065 loco
727 3001 945 3067 munitissimo
970 3005 1058 3066 castra

120 3112 340 3188 sposuerunt.
393 3105 469 3169 inde
499 3127 572 3169 cum
601 3126 698 3188 saepe
729 3106 762 3169 in
791 3104 919 3170 insidiis
949 3104 1055 3190 equites
1101 3154 1103 3181 ἱ

153 3208 344 3292 peditesque
377 3208 602 3292 disponerent,
635 3231 753 3292 magna
782 3208 976 3274 detrimenta
1001 3209 1054 3273 Rc·

153 3314 255 3376 manis
278 3313 311 3376 in
333 3312 593 3396 pabulationibus
615 3312 807 3376 inferebant.

218 3416 329 3481 XVII.
360 3416 456 3492 Quod
479 3438 551 3480 cum
575 3415 717 3479 crebrius
741 3417 914 3500 accideret,
939 3439 979 3484 ex
994 3435 1051 3498 cap·
