2332 3892
485 267 534 317 vr.
562 268 674 317 40-42.
971 271 1032 334 153

126 455 237 500 omnes
269 436 373 502 ferant
405 458 521 503 casum.
566 439 628 502 hoc
653 444 779 504 veteres
809 461 875 504 non
897 443 1067 526 probant4

125 539 255 622 milites,
278 560 360 624 quos
383 542 440 605 sub
456 542 576 605 vexillo
596 562 661 606 una
674 543 838 627 profectos
855 543 1032 608 docuimus.

126 644 234 728 itaque
251 643 334 710 inter
350 665 384 709 se
400 644 561 710 cohortati
576 646 658 710 duce
675 644 711 710 0.
728 644 900 727 Trebonio,
924 646 1033 730 equite

124 746 293 829 Romano,
321 767 381 832 per
409 746 534 812 medios
565 746 676 812 hostes
707 753 916 832 perrumpunt
945 748 1033 813 inco-

124 851 292 934 lumesque
322 849 364 914 ad
394 870 494 913 unum
518 870 628 913 omnes
650 851 684 913 in
707 854 811 914 castra
832 851 1033 934 perveniunt.

124 954 184 1018 hos
206 953 377 1018 *subsecuti
393 1026 396 1030 A
411 952 528 1017 eodem
556 953 678 1036 impetu
707 951 824 1017 virtute
857 959 1033 1017 servantur.
1056 975 1069 1014 a

125 1061 167 1138 at,
191 1056 248 1139 qui
270 1055 303 1118 in
324 1055 400 1137 iugo
425 1055 644 1135 constiterant,
667 1074 772 1139 neque
795 1056 828 1118 in
845 1075 883 1136 eo
900 1057 1033 1121 consilio
1056 1077 1069 1116 o

125 1179 319 1244 permanere
342 1179 449 1242 neque
474 1179 563 1239 cam,
595 1178 691 1242 quam
713 1158 747 1220 in
769 1159 839 1221 aliis
863 1159 928 1222 vim
951 1161 1035 1224 cele·

125 1263 317 1347 ritatemqne
348 1260 510 1342 viderant,
543 1260 679 1341 imitari,
715 1259 773 1324 sed
813 1282 848 1325 se
878 1262 1035 1344 recipere.

125 1365 348 1447 centuriones,
378 1385 419 1428 nc
442 1371 515 1429 ante
539 1370 664 1448 partam
686 1364 816 1429 laudem
840 1366 1069 1450 amitterenta

127 1469 296 1532 fortissime
329 1473 508 1553 pugnantes
537 1467 756 1532 conciderunt.
801 1469 938 1533 militum
960 1490 1069 1552 perso

127 1572 242 1637 borum
256 1573 375 1638 virtute
396 1572 551 1637 submotis
572 1573 718 1636 hostibus
734 1577 863 1656 praeter
877 1594 968 1657 spem
983 1574 1031 1637 in·

128 1675 261 1740 columis
283 1675 317 1738 in
340 1680 442 1740 castra
471 1676 635 1759 pervenit,
667 1695 741 1758 pars
764 1695 784 1738 a
804 1674 946 1738 barbaris
969 1675 1030 1739 cir-

128 1783 298 1842 cumventa
319 1777 423 1861 periit.

189 1881 278 1947 XLI.
302 1881 455 1946 Germani
473 1880 642 1966 desperata
662 1882 901 1965 expugnatione
913 1888 1033 1946 castro·
1057 1910 1068 1948 1

129 2007 206 2069 rum,
231 1984 319 2070 quod
333 1990 460 2049 nostros
476 1984 539 2048 iam
555 1983 735 2048 constitisse
756 1983 789 2046 in
805 1984 1035 2049 munitionibus

129 2089 293 2172 videbant,
324 2108 396 2153 cum
419 2109 458 2153 ea
479 2087 618 2173 praeda,
650 2107 745 2172 quam
768 2087 800 2150 in
823 2087 910 2152 silvis
935 2087 1034 2172 depo-

128 2198 266 2274 suerant,
290 2199 377 2257 trans
399 2191 550 2258 Rhenum
572 2212 644 2256 sese
666 2196 868 2274 receperunt.
906 2211 943 2255 ac
966 2195 1035 2254 tan·
1057 2215 1070 2255 a

129 2300 177 2359 tus
210 2295 271 2358 fuit
304 2295 401 2359 etiam
432 2302 507 2380 post
539 2294 714 2359 discessum
744 2293 886 2357 hostium
920 2299 1036 2377 terror,

128 2405 172 2481 ut,
197 2418 236 2462 ca
257 2403 353 2462 noete
376 2419 449 2463 eum
473 2397 509 2462 O.
523 2398 708 2463 Volusenus
727 2399 842 2462 missus
859 2419 930 2463 cum
946 2398 1036 2483 equi·

127 2505 196 2566 tatu
219 2499 369 2582 venisset,
391 2500 489 2565 fidem
503 2521 570 2564 non
587 2500 709 2564 iaceret
723 2499 837 2565 adesse
856 2501 1036 2582 Caesarem,

125 2609 163 2668 nt
184 2624 288 2687 paene
319 2604 457 2669 alienata
478 2610 587 2670 mente
612 2603 726 2668 deletis
756 2604 914 2684 omnibus}
938 2604 1071 2688 copiisa

127 2708 305 2793 equitatum
322 2729 357 2772 se
373 2730 415 2774 ex
432 2708 510 2791 fuga
525 2706 686 2791 recepisse
697 2727 803 2791 neque
815 2706 967 2771 ineolumi
979 2727 1035 2771 ex-

129 2813 232 2895 ercitu
242 2811 420 2877 Germanos
431 2820 534 2878 castra
544 2816 784 2897 oppugnaturos
796 2811 894 2875 fuisse
905 2816 1036 2875 conten·

130 2916 253 2981 dorent.
290 2935 386 3000 quem
408 2902 557 2981 timorem
570 2915 715 2980 Caesaris
731 2914 887 2978 adventus
900 2915 1036 2979 sustulit.
1058 2942 1072 2980 4

193 3016 300 3081 XLII.
334 3016 496 3083 Reversus
519 3018 584 3098 ille,
609 3021 742 3081 eventus
765 3016 842 3080 belli
864 3035 930 3079 non
944 3017 1035 3098 igno·
1059 3053 1070 3092 1

132 3141 203 3184 rans
233 3141 351 3203 unum,
383 3120 469 3205 quod
504 3118 652 3183 cohortes
687 3140 729 3183 ex
760 3119 897 3181 statione
931 3124 1038 3182 essent

134 3223 275 3305 emissae,
300 3229 430 3307 questus
455 3221 519 3302 (,ne
542 3221 672 3285 minimo
694 3219 824 3305 quidem
841 3240 916 3283 casu
931 3221 1037 3285 locum

135 3325 268 3410 relinqui
292 3323 464 3407 debuisse‘)
490 3325 624 3389 multum
643 3324 804 3387 fortunam
819 3324 852 3386 in
866 3326 1035 3407 repentino
1059 3361 1071 3398 2

137 3424 270 3490 hostium
292 3426 432 3492 adventu
454 3429 596 3513 potuisse
619 3426 788 3506 iudicavit,
818 3426 918 3490 multo
940 3428 1036 3491 etiam
