2332 3892
155 263 197 323 20
529 262 550 311 1.
580 262 692 312 so-cr.

156 433 242 517 quod
267 454 304 498 eo
329 433 462 496 consilio
486 431 717 497 florentissimis
733 432 830 496 rebus
854 431 968 495 domos
992 454 1062 496 suas

155 537 297 602 Helvetii
314 537 525 621 reliquissent,
542 537 588 599 uti
601 536 735 620 imperio
748 536 927 620 potirentur
940 537 1062 598 locum·

156 661 217 724 que
242 641 401 704 domicilio
425 640 615 723 deligerent,
640 660 735 722 quem
759 638 1062 722 opportunissimum

155 765 192 808 ac
215 744 500 807 fructuosissimum
522 744 732 823 iudicassent,
761 743 962 825 reliquasque
987 743 1061 804 civi·

121 854 237 913 ttates
260 848 481 931 stipendiarias
503 843 679 912 haberent.‘
724 845 904 929 petierunt,
934 845 981 907 uti
1004 845 1062 908 sibi

156 952 326 1015 concilium
348 953 380 1014 in
404 952 488 1016 diem
506 959 625 1015 certam
641 950 782 1014 indicere
801 949 896 1032 idque
918 949 1062 1013 Caesaris

155 1057 320 1119 voluntate
336 1054 441 1119 facere
458 1056 587 1119 liceret:
604 1074 683 1135 ,sese
700 1053 818 1115 habere
832 1053 984 1135 quasdam
1000 1075 1061 1134 res,

156 1180 233 1242 quas
257 1180 298 1223 ex
321 1159 482 1221 communi
506 1178 664 1221 consensu
684 1157 723 1220 ab
740 1178 779 1220 eo
795 1164 906 1241 petere
922 1155 1062 1220 vellent}

122 1277 134 1314 ⁵
156 1282 195 1324 ea
210 1283 243 1325 re
258 1263 414 1345 permissa
430 1262 516 1326 diem
532 1261 765 1324 constituerunt
786 1266 818 1323 et
833 1262 901 1324 iure
917 1260 1062 1344 iura-ndo,

155 1386 196 1428 ne
220 1365 290 1447 quis
315 1365 496 1428 enuntiaret
518 1364 578 1426 nisi
610 1363 723 1446 quibus
747 1364 908 1426 communi
929 1364 1061 1427 consilio

155 1467 342 1533 mandatum
366 1472 461 1548 esset,
485 1467 569 1530 inter
591 1488 625 1531 se
649 1475 833 1530 sanxerunt.

123 1602 133 1640 1
220 1570 346 1634 XXXI.
384 1571 432 1634 Eo
464 1571 599 1634 concilio
630 1571 759 1634 dimisso
788 1571 875 1635 idem
904 1574 1062 1658 principes

156 1674 196 1737 ad
227 1673 398 1738 Caesarem
428 1680 630 1738 reverterunt
659 1677 902 1760 petieruntque,
939 1684 973 1740 ut
1005 1679 1062 1742 sibi

155 1782 279 1842 secreto
305 1777 345 1842 de
368 1798 425 1840 sua
441 1779 652 1862 omniumque
669 1779 780 1843 ,salute
806 1800 878 1842 cum
900 1801 940 1844 eo
965 1802 1061 1866 agere

122 1881 276 1948 eliceret.
323 1902 361 1944 ea
389 1901 425 1944 re
454 1881 624 1965 impetrata
651 1903 721 1946 sese
750 1903 861 1946 omnes
886 1884 999 1947 flentes
1023 1884 1063 1947 ad

156 1983 257 2067 pedes
279 1985 500 2067 proiecerunt:
528 2004 603 2065 ,non
627 1985 730 2047 minus
753 2006 787 2048 se
810 1985 843 2047 id
867 1987 1062 2052 contendere

157 2092 189 2148 et
212 2086 367 2168 laborare,
391 2107 432 2150 nc
456 2108 503 2167 ea,
527 2107 609 2170 quae
633 2087 799 2170 dixissent,
824 2090 1064 2155 enuntiarentur

157 2209 252 2272 quam
267 2191 314 2253 uti
327 2211 374 2272 ea,
399 2211 480 2274 quae
496 2191 625 2272 vellent,
648 2192 867 2275 impetrarent,
890 2199 1064 2277 propterea

157 2293 260 2376 quod,
289 2294 316 2356 si
345 2294 543 2357 enuntiatum
567 2300 661 2375 esset,
685 2315 844 2357 summum
878 2296 911 2357 in
942 2298 1062 2362 crucia-

121 2403 224 2463 atum
255 2419 289 2461 se
312 2404 465 2461 venturos
489 2394 656 2460 viderent‘
703 2398 826 2460 locutus
856 2404 905 2462 est
932 2421 990 2483 pro
1014 2401 1063 2465 his

155 2500 333 2563 Divitiacus
356 2500 507 2563 Aeduus:
534 2499 669 2578 ,Galliae
693 2502 790 2564 totius
814 2502 969 2567 factiones
993 2526 1063 2570 esse

157 2604 252 2666 duas:
270 2605 400 2666 alterius
415 2603 628 2686 principatum
645 2608 754 2668 tenere
772 2604 916 2687 Aeduos,
933 2607 1063 2672 alterius

121 2736 134 2772 4
156 2706 330 2770 Arvernos.
367 2707 401 2769 hi
417 2728 488 2768 cum
504 2713 671 2790 tantopere
690 2707 730 2771 de
747 2715 915 2792 potentatu
929 2710 1014 2775 inter
1029 2734 1062 2777 se

156 2808 273 2871 multos
290 2830 389 2872 annos
401 2810 642 2889 contenderent,
655 2811 772 2874 factum
786 2832 865 2893 esse,
882 2815 928 2875 uti
949 2814 988 2877 ab
1000 2815 1062 2878 Ar·

155 2913 261 2975 vernis
278 2911 496 2996 Sequanisque
518 2912 670 2976 Germani
689 2914 838 2978 mercede
862 2935 1062 2980 arcesseren-

121 3021 217 3080 otur.
241 3017 345 3099 primo
379 3017 505 3079 circiter
535 3016 623 3078 milia
655 3041 694 3080 xv
720 3015 870 3080 Rhenum
896 3019 1062 3100 transiss03

154 3124 364 3202 posteaquam
381 3140 475 3202 agros
493 3125 525 3184 et
540 3119 660 3180 cultum
677 3124 709 3181 et
725 3119 832 3201 copias
845 3119 991 3184 homines
1003 3122 1062 3184 feri

155 3242 192 3284 ac
222 3222 348 3286 barbari
378 3223 597 3304 adamassent,
628 3222 791 3286 traductos
820 3224 943 3306 plures3
979 3248 1062 3290 nunc

156 3344 226 3387 esse
250 3324 283 3387 in
300 3324 405 3388 Gallia
427 3325 468 3388 ad
492 3332 621 3388 centum
642 3332 675 3390 ct
690 3351 732 3390 xx
748 3326 869 3389 milium
885 3350 1061 3392 numerum.
1105 3385 1108 3390 .

121 3447 228 3490 ccum
250 3428 299 3491 his
322 3428 455 3492 Aeduos
479 3449 654 3512 eorumque
679 3430 810 3493 clientes
840 3432 939 3492 semel
968 3440 1062 3516 atque
