<?xml version="1.0" encoding="UTF-8"?>
<!DOCTYPE html PUBLIC "-//W3C//DTD XHTML 1.0 Transitional//EN"
    "http://www.w3.org/TR/xhtml1/DTD/xhtml1-transitional.dtd">
<html xmlns="http://www.w3.org/1999/xhtml" xml:lang="en" lang="en">
 <head>
  <title>
</title>
<meta http-equiv="Content-Type" content="text/html;charset=utf-8" />
  <meta name='ocr-system' content='tesseract 3.04.00' />
  <meta name='ocr-capabilities' content='ocr_page ocr_carea ocr_par ocr_line ocrx_word'/>
</head>
<body>
  <div class='ocr_page' id='page_1' title='image "./ciuliicaesarisc00gitlgoog_0032.png"; bbox 0 0 2332 3892; ppageno 0'>
   <div class='ocr_carea' id='block_1_1' title="bbox 157 266 692 328">
    <p class='ocr_par' dir='ltr' id='par_1_1' title="bbox 157 266 692 328">
     <span class='ocr_line' id='line_1_1' title="bbox 157 266 692 328; baseline 0 -10"><span class='ocrx_word' id='word_1_1' title='bbox 157 266 197 328; x_wconf 87' lang='lat'>18</span> <span class='ocrx_word' id='word_1_2' title='bbox 530 269 550 317; x_wconf 90' lang='lat'>1.</span> <span class='ocrx_word' id='word_1_3' title='bbox 581 270 692 319; x_wconf 69' lang='lat' dir='ltr'>stt-28.</span> 
     </span>
    </p>
   </div>
   <div class='ocr_carea' id='block_1_2' title="bbox 122 434 1066 3524">
    <p class='ocr_par' dir='ltr' id='par_1_2' title="bbox 155 434 1064 728">
     <span class='ocr_line' id='line_1_2' title="bbox 155 434 1062 526; baseline 0.008 -28"><span class='ocrx_word' id='word_1_4' title='bbox 155 434 338 501; x_wconf 90' lang='lat' dir='ltr'>intermisso</span> <span class='ocrx_word' id='word_1_5' title='bbox 369 439 402 503; x_wconf 91' lang='lat' dir='ltr'>in</span> <span class='ocrx_word' id='word_1_6' title='bbox 436 439 516 504; x_wconf 92' lang='lat' dir='ltr'>fines</span> <span class='ocrx_word' id='word_1_7' title='bbox 547 439 731 523; x_wconf 80' lang='lat' dir='ltr'>Lingonum</span> <span class='ocrx_word' id='word_1_8' title='bbox 763 442 813 505; x_wconf 89' lang='lat' dir='ltr'>die</span> <span class='ocrx_word' id='word_1_9' title='bbox 846 448 957 525; x_wconf 85' lang='lat' dir='ltr'>quarto</span> <span class='ocrx_word' id='word_1_10' title='bbox 989 463 1062 526; x_wconf 89' lang='lat' dir='ltr'>per·</span> 
     </span>
     <span class='ocr_line' id='line_1_3' title="bbox 156 545 1064 626; baseline 0.004 -24"><span class='ocrx_word' id='word_1_11' title='bbox 156 547 329 623; x_wconf 86' lang='lat' dir='ltr'>venerunt,</span> <span class='ocrx_word' id='word_1_12' title='bbox 361 562 434 604; x_wconf 87' lang='lat' dir='ltr'>oum</span> <span class='ocrx_word' id='word_1_13' title='bbox 468 548 501 604; x_wconf 91' lang='lat' dir='ltr'>et</span> <span class='ocrx_word' id='word_1_14' title='bbox 531 548 664 626; x_wconf 87' lang='lat' dir='ltr'>propter</span> <span class='ocrx_word' id='word_1_15' title='bbox 696 545 829 607; x_wconf 83' lang='lat' dir='ltr'>vulnera</span> <span class='ocrx_word' id='word_1_16' title='bbox 863 546 1000 608; x_wconf 87' lang='lat' dir='ltr'>militum</span> <span class='ocrx_word' id='word_1_17' title='bbox 1032 550 1064 608; x_wconf 88' lang='lat' dir='ltr'>et</span> 
     </span>
     <span class='ocr_line' id='line_1_4' title="bbox 156 645 1063 728; baseline 0.006 -23"><span class='ocrx_word' id='word_1_18' title='bbox 156 649 289 728; x_wconf 85' lang='lat' dir='ltr'>proptor</span> <span class='ocrx_word' id='word_1_19' title='bbox 328 645 526 727; x_wconf 83' lang='lat' dir='ltr'>sepulturam</span> <span class='ocrx_word' id='word_1_20' title='bbox 565 646 742 709; x_wconf 92' lang='lat' dir='ltr'>occisorum</span> <span class='ocrx_word' id='word_1_21' title='bbox 784 649 886 710; x_wconf 79' lang='lat' dir='ltr'><strong>nostri</strong></span> <span class='ocrx_word' id='word_1_22' title='bbox 922 648 1063 711; x_wconf 90' lang='lat' dir='ltr'>triduum</span> 
     </span>
    </p>

    <p class='ocr_par' dir='ltr' id='par_1_3' title="bbox 122 748 1062 1247">
     <span class='ocr_line' id='line_1_5' title="bbox 122 748 1062 832; baseline 0.01 -28"><span class='ocrx_word' id='word_1_23' title='bbox 122 765 134 803; x_wconf 85' lang='lat' dir='ltr'>s</span> <span class='ocrx_word' id='word_1_24' title='bbox 155 748 272 811; x_wconf 82' lang='lat' dir='ltr'>morati</span> <span class='ocrx_word' id='word_1_25' title='bbox 294 748 385 830; x_wconf 86' lang='lat' dir='ltr'>sequi</span> <span class='ocrx_word' id='word_1_26' title='bbox 401 768 466 811; x_wconf 90' lang='lat' dir='ltr'>non</span> <span class='ocrx_word' id='word_1_27' title='bbox 483 749 673 832; x_wconf 89' lang='lat' dir='ltr'>potuissent.</span> <span class='ocrx_word' id='word_1_28' title='bbox 712 749 830 815; x_wconf 80' lang='lat' dir='ltr'>Occscr</span> <span class='ocrx_word' id='word_1_29' title='bbox 846 750 887 813; x_wconf 86' lang='lat' dir='ltr'>ad</span> <span class='ocrx_word' id='word_1_30' title='bbox 901 750 1062 832; x_wconf 76' lang='lat' dir='ltr'>Lingonas</span> 
     </span>
     <span class='ocr_line' id='line_1_6' title="bbox 155 846 1058 935; baseline 0.002 -21"><span class='ocrx_word' id='word_1_31' title='bbox 155 852 284 915; x_wconf 90' lang='lat' dir='ltr'>nuntios</span> <span class='ocrx_word' id='word_1_32' title='bbox 306 852 406 916; x_wconf 90' lang='lat' dir='ltr'>misit:</span> <span class='ocrx_word' id='word_1_33' title='bbox 431 873 482 935; x_wconf 89' lang='lat' dir='ltr'>‚ne</span> <span class='ocrx_word' id='word_1_34' title='bbox 506 846 562 918; x_wconf 82' lang='lat' dir='ltr'>cos</span> <span class='ocrx_word' id='word_1_35' title='bbox 584 855 743 917; x_wconf 84' lang='lat' dir='ltr'>frumento</span> <span class='ocrx_word' id='word_1_36' title='bbox 767 875 849 918; x_wconf 84' lang='lat' dir='ltr'>neve</span> <span class='ocrx_word' id='word_1_37' title='bbox 873 853 992 916; x_wconf 82' lang='lat' dir='ltr'>aliare</span> <span class='ocrx_word' id='word_1_38' title='bbox 1015 854 1058 916; x_wconf 93' lang='lat' dir='ltr'>iu·</span> 
     </span>
     <span class='ocr_line' id='line_1_7' title="bbox 155 956 1062 1040; baseline 0.002 -23"><span class='ocrx_word' id='word_1_39' title='bbox 155 960 285 1018; x_wconf 75' lang='lat' dir='ltr'>vorent:</span> <span class='ocrx_word' id='word_1_40' title='bbox 309 956 363 1038; x_wconf 90' lang='lat' dir='ltr'>qui</span> <span class='ocrx_word' id='word_1_41' title='bbox 392 956 562 1038; x_wconf 84' lang='lat' dir='ltr'>iuvissent,</span> <span class='ocrx_word' id='word_1_42' title='bbox 592 977 626 1020; x_wconf 91' lang='lat' dir='ltr'>sc</span> <span class='ocrx_word' id='word_1_43' title='bbox 649 956 765 1020; x_wconf 91' lang='lat' dir='ltr'>eodem</span> <span class='ocrx_word' id='word_1_44' title='bbox 792 957 864 1020; x_wconf 91' lang='lat' dir='ltr'>loco</span> <span class='ocrx_word' id='word_1_45' title='bbox 888 977 951 1040; x_wconf 90' lang='lat' dir='ltr'>quo</span> <span class='ocrx_word' id='word_1_46' title='bbox 982 957 1062 1021; x_wconf 91' lang='lat' dir='ltr'>Hel·</span> 
     </span>
     <span class='ocr_line' id='line_1_8' title="bbox 155 1044 1061 1143; baseline 0.004 -23"><span class='ocrx_word' id='word_1_47' title='bbox 155 1057 260 1121; x_wconf 84' lang='lat' dir='ltr'>vetios</span> <span class='ocrx_word' id='word_1_48' title='bbox 292 1056 494 1121; x_wconf 63' lang='lat' dir='ltr'>habiturum!</span> <span class='ocrx_word' id='word_1_49' title='bbox 532 1059 602 1143; x_wconf 91' lang='lat' dir='ltr'>ipse</span> <span class='ocrx_word' id='word_1_50' title='bbox 634 1057 741 1122; x_wconf 89' lang='lat' dir='ltr'>triduo</span> <span class='ocrx_word' id='word_1_51' title='bbox 775 1044 955 1124; x_wconf 89' lang='lat' dir='ltr'>intermisso</span> <span class='ocrx_word' id='word_1_52' title='bbox 992 1082 1061 1124; x_wconf 90' lang='lat' dir='ltr'>cum</span> 
     </span>
     <span class='ocr_line' id='line_1_9' title="bbox 157 1162 550 1247; baseline 0.008 -23"><span class='ocrx_word' id='word_1_53' title='bbox 157 1162 303 1225; x_wconf 87' lang='lat' dir='ltr'>omnibns</span> <span class='ocrx_word' id='word_1_54' title='bbox 327 1163 428 1246; x_wconf 91' lang='lat' dir='ltr'>copiis</span> <span class='ocrx_word' id='word_1_55' title='bbox 450 1163 550 1247; x_wconf 86' lang='lat' dir='ltr'>sequi.</span> 
     </span>
    </p>

    <p class='ocr_par' dir='ltr' id='par_1_4' title="bbox 122 1264 1061 1349">
     <span class='ocr_line' id='line_1_10' title="bbox 122 1264 1061 1349; baseline 0.005 -24"><span class='ocrx_word' id='word_1_56' title='bbox 122 1286 133 1325; x_wconf 94' lang='lat'>1</span> <span class='ocrx_word' id='word_1_57' title='bbox 221 1264 364 1328; x_wconf 87' lang='lat' dir='ltr'>XXVII.</span> <span class='ocrx_word' id='word_1_58' title='bbox 397 1265 542 1330; x_wconf 84' lang='lat' dir='ltr'>Helvetii</span> <span class='ocrx_word' id='word_1_59' title='bbox 571 1266 712 1329; x_wconf 92' lang='lat' dir='ltr'>omnium</span> <span class='ocrx_word' id='word_1_60' title='bbox 743 1287 850 1331; x_wconf 87' lang='lat' dir='ltr'>rerum</span> <span class='ocrx_word' id='word_1_61' title='bbox 878 1267 986 1349; x_wconf 82' lang='lat' dir='ltr'>inopis</span> <span class='ocrx_word' id='word_1_62' title='bbox 1008 1267 1061 1330; x_wconf 84' lang='lat' dir='ltr'>ad-</span> 
     </span>
    </p>

    <p class='ocr_par' dir='ltr' id='par_1_5' title="bbox 122 1366 1065 1764">
     <span class='ocr_line' id='line_1_11' title="bbox 122 1366 1064 1453; baseline 0.005 -24"><span class='ocrx_word' id='word_1_63' title='bbox 122 1366 245 1430; x_wconf 81' lang='lat' dir='ltr'>sduoti</span> <span class='ocrx_word' id='word_1_64' title='bbox 272 1369 398 1452; x_wconf 82' lang='lat' dir='ltr'>legatos</span> <span class='ocrx_word' id='word_1_65' title='bbox 429 1369 469 1434; x_wconf 88' lang='lat' dir='ltr'>dc</span> <span class='ocrx_word' id='word_1_66' title='bbox 500 1368 664 1435; x_wconf 88' lang='lat' dir='ltr'>deditione</span> <span class='ocrx_word' id='word_1_67' title='bbox 697 1370 860 1434; x_wconf 87' lang='lat' dir='ltr'>miserunt.</span> <span class='ocrx_word' id='word_1_68' title='bbox 910 1371 964 1453; x_wconf 88' lang='lat' dir='ltr'>qui</span> <span class='ocrx_word' id='word_1_69' title='bbox 993 1391 1064 1434; x_wconf 90' lang='lat' dir='ltr'>cum</span> 
     </span>
     <span class='ocr_line' id='line_1_12' title="bbox 156 1472 1064 1556; baseline 0.001 -21"><span class='ocrx_word' id='word_1_70' title='bbox 156 1493 230 1536; x_wconf 91' lang='lat' dir='ltr'>eum</span> <span class='ocrx_word' id='word_1_71' title='bbox 268 1472 300 1536; x_wconf 92' lang='lat' dir='ltr'>in</span> <span class='ocrx_word' id='word_1_72' title='bbox 336 1473 451 1537; x_wconf 89' lang='lat' dir='ltr'>itinere</span> <span class='ocrx_word' id='word_1_73' title='bbox 489 1473 715 1537; x_wconf 87' lang='lat' dir='ltr'>convenissent</span> <span class='ocrx_word' id='word_1_74' title='bbox 758 1492 856 1556; x_wconf 93' lang='lat' dir='ltr'>seque</span> <span class='ocrx_word' id='word_1_75' title='bbox 890 1472 931 1535; x_wconf 86' lang='lat' dir='ltr'>cd</span> <span class='ocrx_word' id='word_1_76' title='bbox 964 1473 1064 1555; x_wconf 89' lang='lat' dir='ltr'>pedes</span> 
     </span>
     <span class='ocr_line' id='line_1_13' title="bbox 155 1576 1065 1660; baseline 0.001 -21"><span class='ocrx_word' id='word_1_77' title='bbox 155 1576 365 1660; x_wconf 88' lang='lat' dir='ltr'>proiecissent</span> <span class='ocrx_word' id='word_1_78' title='bbox 387 1577 637 1660; x_wconf 76' lang='lat' dir='ltr'>suppliciterque</span> <span class='ocrx_word' id='word_1_79' title='bbox 652 1578 765 1640; x_wconf 89' lang='lat' dir='ltr'>flentes</span> <span class='ocrx_word' id='word_1_80' title='bbox 781 1598 893 1660; x_wconf 85' lang='lat' dir='ltr'>pacem</span> <span class='ocrx_word' id='word_1_81' title='bbox 909 1577 1065 1660; x_wconf 86' lang='lat' dir='ltr'>petissent</span> 
     </span>
     <span class='ocr_line' id='line_1_14' title="bbox 157 1678 1064 1764; baseline 0.003 -23"><span class='ocrx_word' id='word_1_82' title='bbox 157 1685 252 1764; x_wconf 87' lang='lat' dir='ltr'>atque</span> <span class='ocrx_word' id='word_1_83' title='bbox 282 1699 338 1742; x_wconf 90' lang='lat' dir='ltr'>eos</span> <span class='ocrx_word' id='word_1_84' title='bbox 370 1700 462 1742; x_wconf 92' lang='lat' dir='ltr'>suum</span> <span class='ocrx_word' id='word_1_85' title='bbox 492 1678 666 1744; x_wconf 81' lang='lat' dir='ltr'>adventum</span> <span class='ocrx_word' id='word_1_86' title='bbox 696 1687 883 1764; x_wconf 81' lang='lat' dir='ltr'>exspectare</span> <span class='ocrx_word' id='word_1_87' title='bbox 913 1682 1064 1764; x_wconf 86' lang='lat' dir='ltr'>iussisset,</span> 
     </span>
    </p>

    <p class='ocr_par' dir='ltr' id='par_1_6' title="bbox 122 1784 1065 1867">
     <span class='ocr_line' id='line_1_15' title="bbox 122 1784 1065 1867; baseline 0 -20"><span class='ocrx_word' id='word_1_88' title='bbox 122 1787 340 1866; x_wconf 71' lang='lat' dir='ltr'>aparuerunt.</span> <span class='ocrx_word' id='word_1_89' title='bbox 381 1803 420 1847; x_wconf 90' lang='lat' dir='ltr'>eo</span> <span class='ocrx_word' id='word_1_90' title='bbox 440 1789 610 1867; x_wconf 84' lang='lat' dir='ltr'>postquam</span> <span class='ocrx_word' id='word_1_91' title='bbox 626 1785 781 1866; x_wconf 84' lang='lat' dir='ltr'>pervenit,</span> <span class='ocrx_word' id='word_1_92' title='bbox 807 1784 943 1867; x_wconf 89' lang='lat' dir='ltr'>obsides,</span> <span class='ocrx_word' id='word_1_93' title='bbox 967 1806 1065 1867; x_wconf 80' lang='lat' dir='ltr'>arms,</span> 
     </span>
    </p>

    <p class='ocr_par' dir='ltr' id='par_1_7' title="bbox 123 1886 1066 2800">
     <span class='ocr_line' id='line_1_16' title="bbox 123 1886 1063 1972; baseline 0.001 -22"><span class='ocrx_word' id='word_1_94' title='bbox 123 1913 136 1950; x_wconf 83' lang='lat'>4</span> <span class='ocrx_word' id='word_1_95' title='bbox 159 1907 284 1969; x_wconf 81' lang='lat' dir='ltr'>servos,</span> <span class='ocrx_word' id='word_1_96' title='bbox 314 1886 368 1970; x_wconf 94' lang='lat' dir='ltr'>qui</span> <span class='ocrx_word' id='word_1_97' title='bbox 391 1886 434 1950; x_wconf 83' lang='lat' dir='ltr'>cd</span> <span class='ocrx_word' id='word_1_98' title='bbox 456 1908 512 1952; x_wconf 90' lang='lat' dir='ltr'>eos</span> <span class='ocrx_word' id='word_1_99' title='bbox 534 1887 763 1971; x_wconf 83' lang='lat' dir='ltr'>perfugissent,</span> <span class='ocrx_word' id='word_1_100' title='bbox 786 1889 943 1972; x_wconf 79' lang='lat' dir='ltr'>poposcit.</span> <span class='ocrx_word' id='word_1_101' title='bbox 990 1889 1063 1951; x_wconf 90' lang='lat' dir='ltr'>dum</span> 
     </span>
     <span class='ocr_line' id='line_1_17' title="bbox 158 1992 1064 2076; baseline -0.002 -20"><span class='ocrx_word' id='word_1_102' title='bbox 158 2013 197 2056; x_wconf 86' lang='lat' dir='ltr'>ea</span> <span class='ocrx_word' id='word_1_103' title='bbox 220 1993 448 2076; x_wconf 85' lang='lat' dir='ltr'>conquiruntur</span> <span class='ocrx_word' id='word_1_104' title='bbox 471 1998 503 2055; x_wconf 92' lang='lat' dir='ltr'>et</span> <span class='ocrx_word' id='word_1_105' title='bbox 526 1992 741 2071; x_wconf 86' lang='lat' dir='ltr'>conferuntur,</span> <span class='ocrx_word' id='word_1_106' title='bbox 768 1998 862 2056; x_wconf 90' lang='lat' dir='ltr'>nocte</span> <span class='ocrx_word' id='word_1_107' title='bbox 886 1993 1064 2055; x_wconf 83' lang='lat' dir='ltr'>intermissa</span> 
     </span>
     <span class='ocr_line' id='line_1_18' title="bbox 158 2094 1064 2178; baseline -0.002 -20"><span class='ocrx_word' id='word_1_108' title='bbox 158 2095 285 2159; x_wconf 81' lang='lat' dir='ltr'>circiter</span> <span class='ocrx_word' id='word_1_109' title='bbox 307 2094 474 2157; x_wconf 91' lang='lat' dir='ltr'>hominum</span> <span class='ocrx_word' id='word_1_110' title='bbox 497 2095 586 2158; x_wconf 84' lang='lat' dir='ltr'>milia</span> <span class='ocrx_word' id='word_1_111' title='bbox 599 2116 658 2170; x_wconf 86' lang='lat' dir='ltr'>sex</span> <span class='ocrx_word' id='word_1_112' title='bbox 681 2096 749 2158; x_wconf 88' lang='lat' dir='ltr'>eius</span> <span class='ocrx_word' id='word_1_113' title='bbox 772 2096 855 2178; x_wconf 80' lang='lat' dir='ltr'>pagi,</span> <span class='ocrx_word' id='word_1_114' title='bbox 879 2096 933 2178; x_wconf 90' lang='lat' dir='ltr'>qui</span> <span class='ocrx_word' id='word_1_115' title='bbox 949 2094 1064 2158; x_wconf 86' lang='lat' dir='ltr'>Verbi-</span> 
     </span>
     <span class='ocr_line' id='line_1_19' title="bbox 158 2187 1065 2283; baseline -0.002 -21"><span class='ocrx_word' id='word_1_116' title='bbox 158 2187 259 2283; x_wconf 87' lang='lat' dir='ltr'>genus</span> <span class='ocrx_word' id='word_1_117' title='bbox 283 2199 472 2282; x_wconf 83' lang='lat' dir='ltr'>sppellctur,</span> <span class='ocrx_word' id='word_1_118' title='bbox 496 2200 563 2262; x_wconf 88' lang='lat' dir='ltr'>sive</span> <span class='ocrx_word' id='word_1_119' title='bbox 580 2200 696 2262; x_wconf 89' lang='lat' dir='ltr'>timore</span> <span class='ocrx_word' id='word_1_120' title='bbox 714 2198 884 2282; x_wconf 88' lang='lat' dir='ltr'>perterriti,</span> <span class='ocrx_word' id='word_1_121' title='bbox 907 2220 948 2263; x_wconf 92' lang='lat' dir='ltr'>ne</span> <span class='ocrx_word' id='word_1_122' title='bbox 971 2199 1065 2261; x_wconf 83' lang='lat' dir='ltr'>armis</span> 
     </span>
     <span class='ocr_line' id='line_1_20' title="bbox 158 2300 1066 2385; baseline -0.001 -21"><span class='ocrx_word' id='word_1_123' title='bbox 158 2301 282 2366; x_wconf 86' lang='lat' dir='ltr'>traditis</span> <span class='ocrx_word' id='word_1_124' title='bbox 315 2301 482 2385; x_wconf 92' lang='lat' dir='ltr'>suppl-icio.</span> <span class='ocrx_word' id='word_1_125' title='bbox 506 2300 735 2382; x_wconf 83' lang='lat' dir='ltr'>adficerentur,</span> <span class='ocrx_word' id='word_1_126' title='bbox 768 2301 834 2364; x_wconf 88' lang='lat' dir='ltr'>sive</span> <span class='ocrx_word' id='word_1_127' title='bbox 867 2321 923 2383; x_wconf 91' lang='lat' dir='ltr'>spe</span> <span class='ocrx_word' id='word_1_128' title='bbox 958 2301 1066 2363; x_wconf 86' lang='lat' dir='ltr'>salutis</span> 
     </span>
     <span class='ocr_line' id='line_1_21' title="bbox 158 2403 1066 2490; baseline -0.001 -23"><span class='ocrx_word' id='word_1_129' title='bbox 158 2405 291 2487; x_wconf 75' lang='lat' dir='ltr'>inductI,</span> <span class='ocrx_word' id='word_1_130' title='bbox 316 2404 403 2490; x_wconf 93' lang='lat' dir='ltr'>quod</span> <span class='ocrx_word' id='word_1_131' title='bbox 432 2404 464 2468; x_wconf 92' lang='lat' dir='ltr'>in</span> <span class='ocrx_word' id='word_1_132' title='bbox 495 2410 584 2468; x_wconf 81' lang='lat' dir='ltr'>tanta</span> <span class='ocrx_word' id='word_1_133' title='bbox 613 2404 818 2467; x_wconf 86' lang='lat' dir='ltr'>multitudine</span> <span class='ocrx_word' id='word_1_134' title='bbox 843 2403 1066 2467; x_wconf 87' lang='lat' dir='ltr'>dediticiorum</span> 
     </span>
     <span class='ocr_line' id='line_1_22' title="bbox 158 2508 1065 2593; baseline -0.004 -21"><span class='ocrx_word' id='word_1_135' title='bbox 158 2509 268 2593; x_wconf 84' lang='lat' dir='ltr'>fugam</span> <span class='ocrx_word' id='word_1_136' title='bbox 290 2515 345 2572; x_wconf 87' lang='lat' dir='ltr'>cut</span> <span class='ocrx_word' id='word_1_137' title='bbox 368 2509 521 2572; x_wconf 86' lang='lat' dir='ltr'>occultari</span> <span class='ocrx_word' id='word_1_138' title='bbox 544 2513 598 2571; x_wconf 84' lang='lat' dir='ltr'>cut</span> <span class='ocrx_word' id='word_1_139' title='bbox 636 2508 765 2572; x_wconf 84' lang='lat' dir='ltr'>oinnino</span> <span class='ocrx_word' id='word_1_140' title='bbox 790 2509 930 2590; x_wconf 86' lang='lat' dir='ltr'>ignorari</span> <span class='ocrx_word' id='word_1_141' title='bbox 957 2508 1065 2570; x_wconf 85' lang='lat' dir='ltr'>existi-</span> 
     </span>
     <span class='ocr_line' id='line_1_23' title="bbox 158 2610 1064 2699; baseline -0.003 -23"><span class='ocrx_word' id='word_1_142' title='bbox 158 2619 291 2696; x_wconf 83' lang='lat' dir='ltr'>marent,</span> <span class='ocrx_word' id='word_1_143' title='bbox 314 2615 417 2699; x_wconf 83' lang='lat' dir='ltr'>prima</span> <span class='ocrx_word' id='word_1_144' title='bbox 432 2619 526 2676; x_wconf 91' lang='lat' dir='ltr'>nocte</span> <span class='ocrx_word' id='word_1_145' title='bbox 545 2634 562 2677; x_wconf 89' lang='lat' dir='ltr'>c</span> <span class='ocrx_word' id='word_1_146' title='bbox 579 2614 688 2676; x_wconf 86' lang='lat' dir='ltr'>castris</span> <span class='ocrx_word' id='word_1_147' title='bbox 709 2611 831 2694; x_wconf 86' lang='lat' dir='ltr'>egressi</span> <span class='ocrx_word' id='word_1_148' title='bbox 853 2611 894 2674; x_wconf 87' lang='lat' dir='ltr'>cd</span> <span class='ocrx_word' id='word_1_149' title='bbox 916 2610 1064 2674; x_wconf 88' lang='lat' dir='ltr'>Rhenum</span> 
     </span>
     <span class='ocr_line' id='line_1_24' title="bbox 158 2715 829 2800; baseline -0.006 -20"><span class='ocrx_word' id='word_1_150' title='bbox 158 2717 301 2800; x_wconf 84' lang='lat' dir='ltr'>finesque</span> <span class='ocrx_word' id='word_1_151' title='bbox 327 2716 562 2780; x_wconf 81' lang='lat' dir='ltr'>Germanorum</span> <span class='ocrx_word' id='word_1_152' title='bbox 585 2715 829 2780; x_wconf 87' lang='lat' dir='ltr'>contenderunt.</span> 
     </span>
    </p>

    <p class='ocr_par' dir='ltr' id='par_1_8' title="bbox 127 2816 1065 3110">
     <span class='ocr_line' id='line_1_25' title="bbox 127 2816 1064 2898; baseline -0.01 -12"><span class='ocrx_word' id='word_1_153' title='bbox 127 2849 138 2886; x_wconf 90' lang='lat'>1</span> <span class='ocrx_word' id='word_1_154' title='bbox 223 2819 383 2883; x_wconf 85' lang='lat' dir='ltr'>XXVIII.</span> <span class='ocrx_word' id='word_1_155' title='bbox 419 2818 514 2893; x_wconf 75' lang='lat' dir='ltr'>Quod</span> <span class='ocrx_word' id='word_1_156' title='bbox 543 2820 597 2883; x_wconf 90' lang='lat' dir='ltr'>ubi</span> <span class='ocrx_word' id='word_1_157' title='bbox 631 2817 750 2882; x_wconf 83' lang='lat' dir='ltr'>Osesar</span> <span class='ocrx_word' id='word_1_158' title='bbox 778 2816 901 2897; x_wconf 84' lang='lat' dir='ltr'>resciit,</span> <span class='ocrx_word' id='word_1_159' title='bbox 931 2836 1064 2898; x_wconf 87' lang='lat' dir='ltr'>quorum</span> 
     </span>
     <span class='ocr_line' id='line_1_26' title="bbox 159 2918 1064 3010; baseline -0.009 -21"><span class='ocrx_word' id='word_1_160' title='bbox 159 2947 217 3010; x_wconf 86' lang='lat' dir='ltr'>per</span> <span class='ocrx_word' id='word_1_161' title='bbox 245 2926 324 2989; x_wconf 89' lang='lat' dir='ltr'>fines</span> <span class='ocrx_word' id='word_1_162' title='bbox 352 2926 472 3006; x_wconf 84' lang='lat' dir='ltr'>ierant,</span> <span class='ocrx_word' id='word_1_163' title='bbox 494 2923 559 3004; x_wconf 80' lang='lat' dir='ltr'>his,</span> <span class='ocrx_word' id='word_1_164' title='bbox 589 2924 637 2986; x_wconf 89' lang='lat' dir='ltr'>uti</span> <span class='ocrx_word' id='word_1_165' title='bbox 665 2921 890 3004; x_wconf 84' lang='lat' dir='ltr'>conquirerent</span> <span class='ocrx_word' id='word_1_166' title='bbox 916 2925 949 2982; x_wconf 91' lang='lat' dir='ltr'>et</span> <span class='ocrx_word' id='word_1_167' title='bbox 971 2918 1064 2981; x_wconf 87' lang='lat' dir='ltr'>redu·</span> 
     </span>
     <span class='ocr_line' id='line_1_27' title="bbox 160 3021 1065 3110; baseline -0.01 -18"><span class='ocrx_word' id='word_1_168' title='bbox 160 3035 287 3110; x_wconf 83' lang='lat' dir='ltr'>cenent,</span> <span class='ocrx_word' id='word_1_169' title='bbox 320 3029 347 3091; x_wconf 91' lang='lat' dir='ltr'>si</span> <span class='ocrx_word' id='word_1_170' title='bbox 375 3026 434 3090; x_wconf 89' lang='lat' dir='ltr'>sibi</span> <span class='ocrx_word' id='word_1_171' title='bbox 462 3027 588 3109; x_wconf 81' lang='lat' dir='ltr'>purgati</span> <span class='ocrx_word' id='word_1_172' title='bbox 617 3045 687 3089; x_wconf 91' lang='lat' dir='ltr'>esse</span> <span class='ocrx_word' id='word_1_173' title='bbox 719 3023 854 3103; x_wconf 86' lang='lat' dir='ltr'>vellent,</span> <span class='ocrx_word' id='word_1_174' title='bbox 882 3021 1065 3104; x_wconf 86' lang='lat' dir='ltr'>imperavit:</span> 
     </span>
    </p>

    <p class='ocr_par' dir='ltr' id='par_1_9' title="bbox 127 3127 1066 3316">
     <span class='ocr_line' id='line_1_28' title="bbox 127 3127 1066 3209; baseline -0.006 -15"><span class='ocrx_word' id='word_1_175' title='bbox 127 3156 139 3194; x_wconf 83' lang='lat' dir='ltr'>s</span> <span class='ocrx_word' id='word_1_176' title='bbox 159 3133 311 3197; x_wconf 89' lang='lat' dir='ltr'>reductos</span> <span class='ocrx_word' id='word_1_177' title='bbox 326 3132 358 3194; x_wconf 94' lang='lat' dir='ltr'>in</span> <span class='ocrx_word' id='word_1_178' title='bbox 373 3130 514 3194; x_wconf 92' lang='lat' dir='ltr'>hostium</span> <span class='ocrx_word' id='word_1_179' title='bbox 529 3150 661 3193; x_wconf 89' lang='lat' dir='ltr'>numero</span> <span class='ocrx_word' id='word_1_180' title='bbox 672 3127 791 3206; x_wconf 83' lang='lat' dir='ltr'>hebuit,</span> <span class='ocrx_word' id='word_1_181' title='bbox 805 3127 945 3209; x_wconf 92' lang='lat' dir='ltr'>reliquos</span> <span class='ocrx_word' id='word_1_182' title='bbox 956 3146 1066 3189; x_wconf 91' lang='lat' dir='ltr'>omnes</span> 
     </span>
     <span class='ocr_line' id='line_1_29' title="bbox 151 3229 1065 3316; baseline -0.011 -16"><span class='ocrx_word' id='word_1_183' title='bbox 151 3235 336 3316; x_wconf 87' lang='lat' dir='ltr'>obsidibus,</span> <span class='ocrx_word' id='word_1_184' title='bbox 360 3234 470 3315; x_wconf 81' lang='lat' dir='ltr'>armis,</span> <span class='ocrx_word' id='word_1_185' title='bbox 500 3233 643 3316; x_wconf 89' lang='lat' dir='ltr'>perfugis</span> <span class='ocrx_word' id='word_1_186' title='bbox 665 3230 789 3296; x_wconf 85' lang='lat' dir='ltr'>traditis</span> <span class='ocrx_word' id='word_1_187' title='bbox 814 3231 846 3293; x_wconf 89' lang='lat' dir='ltr'>in</span> <span class='ocrx_word' id='word_1_188' title='bbox 870 3229 1065 3293; x_wconf 89' lang='lat' dir='ltr'>deditionem</span> 
     </span>
    </p>

    <p class='ocr_par' dir='ltr' id='par_1_10' title="bbox 126 3333 1066 3524">
     <span class='ocr_line' id='line_1_30' title="bbox 126 3333 1065 3422; baseline -0.009 -21"><span class='ocrx_word' id='word_1_189' title='bbox 126 3363 138 3401; x_wconf 87' lang='lat' dir='ltr'>s</span> <span class='ocrx_word' id='word_1_190' title='bbox 160 3339 292 3422; x_wconf 81' lang='lat' dir='ltr'>accepit</span> <span class='ocrx_word' id='word_1_191' title='bbox 270 3336 466 3401; x_wconf 89' lang='lat' dir='ltr'>Htetlve</span> <span class='ocrx_word' id='word_1_192' title='bbox 444 3342 522 3417; x_wconf 87' lang='lat' dir='ltr'>rtos,</span> <span class='ocrx_word' id='word_1_193' title='bbox 546 3336 717 3418; x_wconf 82' lang='lat' dir='ltr'>Tulingos,</span> <span class='ocrx_word' id='word_1_194' title='bbox 739 3334 800 3397; x_wconf 82' lang='lat' dir='ltr'>Lat</span> <span class='ocrx_word' id='word_1_195' title='bbox 788 3335 911 3396; x_wconf 89' lang='lat' dir='ltr'>tovicos</span> <span class='ocrx_word' id='word_1_196' title='bbox 933 3333 966 3395; x_wconf 91' lang='lat' dir='ltr'>in</span> <span class='ocrx_word' id='word_1_197' title='bbox 988 3333 1065 3394; x_wconf 86' lang='lat' dir='ltr'>fines</span> 
     </span>
     <span class='ocr_line' id='line_1_31' title="bbox 160 3434 1066 3524; baseline -0.01 -19"><span class='ocrx_word' id='word_1_198' title='bbox 160 3462 244 3522; x_wconf 86' lang='lat' dir='ltr'>suos,</span> <span class='ocrx_word' id='word_1_199' title='bbox 267 3441 353 3505; x_wconf 86' lang='lat' dir='ltr'>unde</span> <span class='ocrx_word' id='word_1_200' title='bbox 377 3444 467 3504; x_wconf 85' lang='lat' dir='ltr'>erant</span> <span class='ocrx_word' id='word_1_201' title='bbox 489 3459 547 3524; x_wconf 90' lang='lat' dir='ltr'>pro</span> <span class='ocrx_word' id='word_1_202' title='bbox 549 3439 613 3501; x_wconf 84' lang='lat' dir='ltr'>fect</span> <span class='ocrx_word' id='word_1_203' title='bbox 614 3438 634 3520; x_wconf 88' lang='lat' dir='ltr'>i,</span> <span class='ocrx_word' id='word_1_204' title='bbox 658 3437 776 3500; x_wconf 88' lang='lat' dir='ltr'>reverti</span> <span class='ocrx_word' id='word_1_205' title='bbox 798 3436 930 3498; x_wconf 91' lang='lat' dir='ltr'>iussite</span> <span class='ocrx_word' id='word_1_206' title='bbox 932 3434 1066 3519; x_wconf 87' lang='lat' dir='ltr'>t,quod</span> 
     </span>
    </p>
   </div>
   <div class='ocr_carea' id='block_1_3' title="bbox 0 0 1170 3892">
    <p class='ocr_par' dir='ltr' id='par_1_11' title="bbox 0 0 1170 3892">
     <span class='ocr_line' id='line_1_32' title="bbox 0 0 1170 3892; baseline 0 0"><span class='ocrx_word' id='word_1_207' title='bbox 0 0 1170 3892; x_wconf 95' lang='lat' dir='ltr'> </span> 
     </span>
    </p>
   </div>
  </div>
 </body>
</html>
