2332 3892
467 264 613 315 110-11.
817 249 830 271 '
976 267 992 327 7

83 437 116 500 id
139 437 297 518 sitierat,
327 457 444 519 magno
475 458 546 500 oum
569 438 712 521 periculo
737 438 920 522 provinciae
944 438 1027 502 fur

82 549 209 624 turum,
244 551 281 605 ut
313 541 459 605 homines
491 541 679 623 bellicosos,
713 542 824 625 populi
854 540 993 606 Romani

82 644 238 725 inimicos,
260 643 340 706 locis
361 643 543 727 patentibus
559 644 762 728 maximeque
779 645 993 709 frumentariis

83 747 233 809 finitimos
255 743 409 810 haberet‘.
457 747 496 809 ob
530 767 584 810 eas
614 767 724 810 causas
755 749 785 812 ei
814 749 1027 831 munitionis

83 871 179 935 quam
208 849 343 928 fecerat,
373 849 409 912 Τ.
439 849 617 913 Labienum
649 852 789 932 legatum
821 851 991 935 praefecit,

83 953 150 1036 ipse
175 953 208 1017 in
230 953 355 1016 ltaliam
379 953 503 1035 magnis
526 954 692 1018 itineribus
710 956 876 1019 contendit
899 957 991 1019 duas-

83 1078 145 1140 que
168 1057 212 1119 ibi
234 1057 380 1139 legiones
404 1058 573 1121 conscribit
604 1063 636 1121 et
658 1063 738 1139 tres,
769 1079 849 1142 quae
873 1060 991 1123 circum

84 1160 266 1244 Aquileiam
298 1160 503 1240 hiemabant,
538 1160 656 1224 educit.
714 1181 775 1244 qua
808 1163 992 1244 proximum

84 1263 142 1328 iter
161 1264 195 1326 in
217 1264 403 1327 ulteriorem
428 1262 565 1326 Galliam
595 1284 652 1346 per
674 1261 775 1346 Alpes
805 1270 889 1344 erat,
920 1286 992 1328 cum

82 1366 132 1429 his
155 1368 294 1450 quinque
317 1367 497 1451 legionibus
518 1368 596 1446 iret,
622 1365 800 1429 Ceutrones
823 1372 855 1430 et
878 1366 991 1430 Graio·
1014 1396 1026 1434 r

83 1471 144 1534 celi
169 1477 201 1534 et
218 1470 385 1551 Caturiges
400 1470 480 1533 locis
499 1470 714 1553 superioribus
731 1472 892 1554 occupatis
915 1492 990 1556 pro·

85 1573 193 1637 hibere
220 1578 383 1636 conantur.
427 1573 642 1655 compluribus
667 1573 718 1636 his
736 1574 867 1656 proeliis
891 1574 991 1656 pulsis
1014 1602 1026 1639 s

85 1677 122 1740 ab
140 1675 251 1757 Ocelo,
266 1674 353 1759 quod
369 1680 417 1738 est
429 1675 585 1739 citerioris
601 1676 784 1758 provinciae
800 1683 991 1759 extremum,

85 1781 116 1843 in
146 1780 227 1844 fines
258 1779 490 1843 Vocontiorum
527 1780 701 1843 ulterioris*
722 1780 904 1864 provinciae
940 1780 991 1845 die

85 1884 223 1967 septimo
245 1883 408 1967 pervenit,
437 1883 512 1946 inde
536 1883 569 1944 in
591 1880 805 1965 Allobrogum
828 1883 924 1966 fines,
952 1886 992 1948 ab

85 1985 315 2068 Allobrogibus
337 1987 371 2048 in
392 1985 585 2068 Segusiavos
608 1985 704 2049 ducit.
750 1985 783 2048 hi
806 1992 879 2048 sunt
902 1994 994 2050 extra

85 2090 281 2174 provinciam
304 2096 390 2152 trans
413 2088 606 2152 Rhodanum
629 2088 732 2172 primi.

150 2192 210 2256 XI.
242 2192 387 2256 Helvetii
415 2193 477 2254 iam
507 2213 566 2275 per
595 2192 757 2274 angustias
781 2198 813 2255 et
834 2193 912 2256 fines
936 2193 1026 2257 Se-1

17 2336 20 2343 ·
87 2316 263 2379 quanorum
299 2295 408 2379 copias
445 2295 654 2358 traduxerant
684 2300 716 2359 et
745 2296 778 2357 in
803 2294 992 2360 Aeduorum

86 2399 166 2463 fines
187 2406 400 2482 pervenerant
430 2419 603 2482 eorumque
634 2418 727 2481 agros
749 2400 992 2482 populabantur.

87 2500 204 2582 Aedui,
228 2523 299 2566 cum
321 2524 356 2567 se
379 2523 498 2586 suaque
522 2502 561 2565 ab
584 2502 621 2564 iis
646 2502 819 2566 defendere
839 2524 904 2566 non
920 2525 992 2588 pos·
1015 2526 1027 2564 a

88 2610 176 2686 sent,
214 2605 338 2687 legatos
382 2605 423 2668 ad
468 2605 638 2669 Caesarem
684 2607 812 2668 mittunt
845 2614 993 2691 rogatum

89 2707 260 2770 auxilium:
291 2709 344 2789 ,ita
372 2729 406 2772 se
438 2709 525 2772 omni
550 2714 696 2792 ternpore
721 2708 760 2773 de
783 2712 902 2793 populo
926 2712 1027 2776 Ro·a

89 2830 182 2873 mano
206 2812 337 2874 meritos
360 2833 441 2893 esse,
463 2817 499 2875 ut
523 2833 625 2894 paene
648 2813 681 2875 in
704 2821 876 2898 conspectu
900 2836 993 2880 exer-

90 2915 168 2977 citus
201 2915 269 2998 agri
297 2917 431 2998 vastari,
463 2917 556 2981 liberi
584 2916 616 2980 in
655 2919 839 2981 servitutem
870 2920 993 3002 abduci,

91 3017 209 3101 oppida
238 3019 414 3102 expugnari
444 3040 509 3083 non
540 3018 729 3082 debuerint‘
774 3020 889 3085 eodem
912 3028 1028 3090 tem-4

89 3141 166 3204 pore
198 3120 364 3204 Ambarri,
396 3124 566 3186 necessarii
589 3123 794 3206 Aeduorum,
825 3124 995 3190 Caesarem

91 3224 261 3287 certiorem
279 3224 399 3287 faciunt
423 3246 502 3306 ,sese
526 3228 685 3310 populatis
709 3228 792 3310 agris
815 3249 880 3291 non
902 3229 994 3295 facile

92 3326 129 3390 ab
153 3325 280 3410 oppidis
308 3328 373 3390 vim
395 3328 534 3391 hostium
560 3328 750 3413 prohibere‘.
802 3332 877 3394 item
902 3332 1028 3407 Allo-5

92 3427 224 3512 broges,
247 3431 300 3515 qui
323 3438 409 3495 trans
432 3431 623 3496 Rhodanum
647 3434 734 3496 vicos
760 3437 992 3518 possessiones·
