2332 3892
483 222 503 270 1.
530 224 606 270 3-4.
970 227 988 288 3

81 391 178 475 copia
199 391 350 453 frumenti
372 397 566 474 suppeteret,
591 413 662 455 curn
677 395 831 476 proximis
855 397 987 458 civitati-

80 495 143 559 bus
165 515 278 578 pacem
302 501 335 558 et
357 495 527 557 amicitiam
558 494 754 559 confirmare.
798 496 839 559 ad
862 517 915 560 eas
936 518 1022 563 resa

82 597 298 661 conficiendas
325 597 489 661 biennium
518 596 576 659 sibi
608 599 684 660 satis
713 619 783 662 esse
812 599 987 664 duxerunt:

81 703 115 765 in
139 703 269 765 tertium
292 723 408 765 annum
432 694 575 764 sanciunt
596 700 837 785 profectionem.
884 701 1022 784 Orga-3

82 806 171 869 torix
202 804 333 869 delectis
362 805 438 868 viris
468 805 527 867 sibi
555 804 751 886 legationem
780 803 822 867 ad
844 805 988 869 civitates

83 908 234 992 suscepit.
278 909 309 971 in
333 929 371 973 eo
394 909 507 972 itinere
532 907 673 988 Castico,
698 906 987 972 Catamantaloedis
1009 931 1022 969 ι

84 1012 160 1091 filio,
183 1010 347 1093 Sequano,
372 1011 460 1073 ouius
482 1016 572 1094 pater
594 1030 728 1093 regnum
750 1011 866 1073 multos
889 1032 988 1074 annos

84 1115 267 1179 obtinuerat
299 1120 331 1176 et
363 1134 382 1176 a
412 1120 524 1176 senatu
554 1112 664 1197 populi
696 1111 835 1175 Romani
870 1114 989 1187 amicus

82 1216 262 1301 appellatus
292 1222 375 1297 erat,
405 1222 440 1279 ut
469 1235 602 1297 regnum
633 1221 818 1297 oocuparet,
847 1215 1022 1301 itemques

81 1320 275 1401 Dumnorigi
290 1319 416 1400 Aeduo,
432 1318 521 1381 fratri
535 1317 694 1397 Divitiaoi,
718 1317 772 1400 qui
788 1337 826 1380 eo
843 1323 987 1402 ternpore

82 1423 295 1506 principatum
320 1422 483 1485 obtinebat
505 1443 541 1486 ac
570 1422 708 1484 maxime
731 1419 817 1504 plebi
840 1426 988 1504 acceptus

83 1530 168 1607 erat,
192 1530 228 1587 ut
250 1523 335 1588 idem
362 1529 544 1605 conaretur,
572 1522 745 1607 persuadet
776 1523 869 1606 eique
891 1522 988 1587 filiam

82 1649 173 1692 suam
195 1627 228 1690 in
251 1628 487 1691 matrimonium
510 1626 573 1690 dat.
619 1624 779 1710 ,perfacile
809 1625 894 1688 factu
918 1648 986 1691 esse
1009 1657 1021 1694 c

81 1731 145 1795 illis
175 1735 289 1794 conata
316 1731 486 1815 perficere,
515 1734 688 1815 propterea
717 1727 803 1813 quod
831 1729 898 1812 ipse
927 1729 986 1792 im-

81 1832 209 1916 perium
232 1831 418 1895 obtenturus
441 1836 541 1896 esset:
564 1851 630 1894 non
653 1851 723 1894 esse
747 1830 887 1913 dubium,
912 1832 987 1914 quin
1033 1898 1035 1902 ,

82 1934 256 2018 plurimum
286 1934 429 1999 Helvetii
461 1940 608 2019 possent3
641 1955 674 1998 se
700 1935 763 1997 suis
795 1935 894 2019 copiis
925 1936 986 1998 illis

81 2058 185 2119 regna
207 2035 467 2100 conciliaturum‘.
502 2036 562 2100 hac
586 2038 729 2101 oratione
753 2036 883 2101 adducti
904 2039 987 2101 inter
1009 2065 1020 2102 τ

83 2161 119 2204 se
140 2139 237 2203 fidem
261 2145 294 2204 et
316 2139 547 2203 iusiurandum
570 2139 645 2202 dant
665 2145 697 2203 et
713 2159 814 2222 regno
832 2145 985 2223 occupato

82 2263 142 2326 per
174 2247 240 2304 tres
275 2240 513 2324 potentissimos
551 2261 586 2302 ac
619 2239 816 2302 firmissimos
849 2241 986 2324 populos

82 2343 182 2407 totius
207 2342 328 2406 Galliae
352 2362 422 2406 sese
444 2341 541 2426 potiri
564 2362 658 2425 posse
682 2348 819 2425 sperant.

147 2444 207 2507 IV.
238 2443 285 2507 Ea
306 2465 358 2508 res
382 2449 430 2507 est
451 2443 610 2507 Helvetiis
632 2464 690 2526 per
712 2442 862 2506 indicium
887 2465 985 2507 enun·
1008 2470 1018 2508 1

82 2547 170 2611 tiata.
226 2546 367 2609 moribus
410 2547 474 2609 suis
515 2545 740 2630 Orgetorigem
791 2567 832 2610 ex
875 2547 986 2610 vinclis

83 2669 212 2712 causam
248 2647 352 2711 dicere
386 2654 570 2731 coegerunt.
625 2647 809 2711 damnatum
848 2669 986 2731 poenam

83 2751 175 2835 sequi
191 2749 368 2834 oportebat,
382 2755 418 2812 ut
433 2751 499 2832 igni
515 2754 716 2812 cremaretur.
749 2748 800 2812 die
817 2751 987 2813 constituta
1008 2784 1019 2822 2

83 2853 259 2936 Orgetorix
281 2851 321 2915 ad
344 2852 496 2915 iudicium
519 2872 647 2915 omnem
669 2851 835 2935 familiam,
865 2853 906 2915 ad
927 2853 985 2917 ho·

82 2958 205 3020 minum
234 2955 321 3017 milia
349 2955 477 3035 decem,
506 2953 646 3036 undique
677 2953 783 3035 coegit
814 2960 846 3018 et
876 2975 986 3018 omnes

83 3060 217 3124 clientes
255 3057 485 3140 obaeratosque
529 3076 621 3136 suos,
666 3076 798 3140 quorum
836 3078 998 3140 magnum.

83 3181 253 3225 numerum
276 3159 428 3240 habebat,
456 3179 514 3243 per
544 3178 615 3240 eos,
642 3178 683 3222 ne
707 3178 833 3221 causam
856 3158 985 3241 diceret,

83 3283 117 3325 so
143 3260 269 3344 eripuit.
302 3280 375 3323 cum
394 3259 504 3323 civitas
520 3259 561 3322 ob
578 3279 648 3322 eam
664 3280 732 3323 rem
747 3260 875 3323 incitata
891 3262 986 3325 armis
1008 3294 1021 3333 ³

84 3365 132 3428 ius
176 3383 268 3427 suum
306 3363 439 3446 exsequi
480 3369 648 3427 conaretur
688 3363 985 3449 multitudinemque

795 3465 833 3516 1*
