2332 3892
162 236 201 296 68
524 232 575 282 111.
605 231 716 283 ιιι-15.

125 412 248 487 crunt3
281 426 385 490 neque
409 405 485 468 satis
506 404 619 485 Bruto,
643 403 696 486 qui
720 401 812 466 classi
833 409 993 486 praeerat,
1017 404 1073 468 vel

160 509 293 573 tribunis
310 510 446 573 militum
463 507 776 591 centurionibusque,
792 508 907 593 quibus
922 507 1071 592 singulae

159 634 258 677 naves
281 619 372 676 erant
394 611 590 695 adtributae,
618 613 800 695 constabat,
824 612 901 697 quid
924 620 1070 697 agerent.

125 736 138 772 4
160 722 263 779 rostro
288 716 374 780 enirn
396 717 507 780 noceri
529 737 594 780 non
616 737 712 800 posse
736 723 969 800 cognoverant;
1002 724 1070 781 tnr-

159 820 246 883 ribus
275 823 383 882 autem
412 819 560 883 excitatis
598 825 705 883 tamen
743 819 877 883 altitudo
912 821 1071 905 puppium

160 923 346 1007 superabat,
378 928 413 984 ut
440 941 544 1006 neque
577 923 653 985 satis
683 923 852 987 commode
885 923 951 991 tela
982 923 1071 1007 adigi

159 1031 292 1110 possent
323 1031 356 1090 et
385 1026 481 1089 missa
511 1026 551 1089 ab
582 1024 683 1089 Gallis
715 1027 843 1110 gravius
876 1026 1069 1091 acciderent.

125 1149 222 1193 suna
250 1135 318 1194 erat
347 1150 464 1213 magno
494 1130 567 1192 usui
595 1150 647 1193 res
676 1135 866 1213 praeparata
894 1151 913 1193 a
940 1130 1068 1210 nostris,

158 1233 256 1297 falces
289 1238 479 1317 praeacutae
511 1234 649 1297 insertae
681 1232 869 1316 adfixaeque
901 1233 1068 1316 longuriis,

125 1353 225 1399 cnon
246 1336 383 1399 absimili
410 1336 514 1400 forma
542 1337 712 1400 muralium
739 1336 877 1400 falcium.
923 1336 1068 1400 hiscum

158 1440 259 1521 funes,
283 1440 337 1523 qui
359 1445 526 1503 antemnas
550 1439 591 1503 ad
614 1441 716 1502 malos
740 1439 954 1520 destinabant,
980 1460 1067 1502 eom-

157 1543 308 1627 prehensi
330 1543 524 1627 adductique
548 1548 647 1625 erant,
670 1543 797 1627 navigio
822 1544 953 1607 incitato
975 1565 1066 1627 prae-

124 1662 136 1701 τ
157 1646 396 1731 rumpebantur.
435 1647 549 1732 quibus
572 1648 677 1711 scissis
700 1653 869 1711 antemnae
885 1649 1066 1712 necessario

158 1749 378 1833 concidebant,
400 1756 446 1832 ut,
471 1772 543 1814 cum
563 1751 665 1814 omnis
683 1750 813 1815 Gallicis
837 1751 970 1815 navibus
994 1772 1067 1835 spes

157 1855 191 1916 in
218 1854 298 1918 velis
330 1855 600 1939 armamentisque
631 1857 835 1937 consisteret,
867 1854 915 1918 his
948 1854 1067 1938 ereptis

122 1979 135 2017 a
159 1958 261 2021 omnis
292 1978 368 2020 usus
396 1978 460 2021 uno
490 1964 638 2042 tempore
668 1958 856 2042 eriperetur.
907 1959 1067 2043 reliquum

158 2068 227 2125 erat
250 2066 413 2125 certamen
434 2062 576 2146 positum
599 2061 631 2124 in
647 2061 775 2142 virtute,
799 2082 862 2147 qua
879 2062 998 2125 milites
1020 2061 1066 2125 fa·

157 2166 218 2229 cilo
246 2164 455 2248 superabant,
486 2170 581 2248 atque
612 2184 651 2227 eo
676 2164 793 2247 magis,
824 2164 910 2249 quod
934 2165 967 2228 in
990 2185 1066 2228 con-

157 2275 270 2354 spectu
295 2269 441 2332 Caesaris
464 2274 561 2352 atque
585 2268 687 2332 omnis
711 2269 872 2332 exercitus
898 2289 949 2332 res
972 2289 1065 2351 gere-

156 2374 260 2454 batur,
282 2378 318 2435 ut
340 2371 463 2435 nullum
485 2371 581 2455 paulo
598 2371 712 2434 fortius
734 2371 852 2436 factum
867 2371 967 2436 latere
991 2392 1065 2456 pos-

122 2483 222 2558 sset3
255 2496 366 2540 omnes
390 2474 474 2538 enim
497 2475 595 2539 colles
618 2496 655 2538 ac
677 2476 751 2538 loca
773 2476 955 2560 superiora,
979 2476 1066 2540 unde

140 2585 226 2644 ‘erat
248 2577 445 2662 propinquus
469 2576 654 2660 despectus·
668 2578 701 2641 in
722 2600 827 2661 mare,
857 2580 896 2643 ab
921 2580 1065 2644 exercitu

156 2683 358 2746 tenebantur.

122 2815 133 2854 1
219 2784 293 2848 XV.
332 2783 499 2868 Disiectis,
533 2792 568 2849 ut
600 2786 755 2870 diximus,
786 2789 958 2870 antemnis,
992 2810 1065 2854 cum

156 2889 296 2973 singulas
325 2887 421 2952 binae
453 2909 490 2953 ac
513 2896 628 2978 ,ternae
657 2880 756 2956 naves
779 2893 1064 2975 circumsteterant,

122 3021 134 3059 a
156 2992 273 3056 milites
296 3012 420 3055 summa
443 2992 475 3056 vi
498 2994 735 3059 transcendere.
782 2995 869 3081 quod
891 3002 1063 3082 postquam
1117 3041 1120 3054 ι

145 3096 282 3162 barbari
303 3095 372 3160 fieri
395 3095 699 3178 animadverterunt,
723 3118 794 3161 eum
818 3098 849 3162 ei
871 3099 918 3163 rei
940 3101 1063 3164 nullum

121 3199 350 3284 areperiretur
379 3198 550 3281 auxilium,
581 3200 658 3283 fuga
689 3202 824 3266 salutern
858 3208 980 3286 petere.
1026 3225 1063 3268 ac

155 3303 218 3366 iam
241 3300 402 3366 conversis
425 3301 459 3364 in
482 3323 553 3367 eam
576 3310 698 3388 partem
722 3305 864 3388 navibus,
897 3326 959 3391 quo
985 3329 1062 3372 ven·

155 3413 206 3470 tus
228 3405 368 3486 ferebat,
398 3410 487 3470 tanta
515 3408 619 3472 subito
644 3408 777 3471 malacia
801 3409 939 3492 exstitit,
969 3417 1006 3474 ut
1028 3433 1061 3476 se
