2332 3892
159 242 221 305 22ss
504 242 581 293 vui.
609 243 721 293 ac-ai.

157 415 314 500 proximis
330 415 470 478 castellis
485 416 519 479 in
528 414 755 478 frumentarios
771 414 830 477 sub
846 414 952 498 ipsam
967 416 1067 478 lucem

121 539 133 577 a
157 520 314 604 impetum
337 519 423 584 facit.
468 520 639 604 repentino
668 519 753 582 malo
783 519 949 605 perterriti
978 518 1067 582 diffu-

157 625 249 708 giunt
281 624 322 688 ad
351 646 409 689 sua
437 625 614 710 praesidia3
644 646 726 710 quae
755 626 859 689 nostri
888 631 925 688 ut
951 624 1067 703 videre,

157 729 260 792 acrius
297 733 408 792 contra
442 735 581 792 armatos
614 729 739 792 incitati
771 729 938 793 neminem
964 729 1068 793 vivum

157 833 228 916 capi
249 832 424 915 patiuntur.
469 833 551 916 fugit
574 832 649 896 inde
676 854 748 898 cum
770 834 882 918 paucis
903 833 1069 899 Lucterius

156 958 217 1002 nec
241 957 274 999 se
298 936 412 1020 recipit
435 937 468 998 in
491 943 605 1001 eastra.
1098 923 1100 929 ’

123 1067 134 1105 1
221 1039 382 1104 XXXVI.
416 1041 568 1106 Caninius
591 1043 750 1127 comperit
765 1049 891 1128 partem
910 1044 1069 1128 copiarum

158 1166 229 1208 cum
244 1145 411 1230 Drappete
435 1168 506 1212 esse
530 1148 697 1211 incastris
721 1169 740 1211 a
762 1147 893 1211 milibus
917 1168 985 1211 non
1008 1167 1067 1210 am·

156 1249 240 1333 plius
268 1273 320 1314 x11.
370 1270 443 1314 cum
473 1251 680 1334 intellegeret
712 1251 822 1335 fugato
857 1251 942 1316 duce
972 1252 1068 1316 altero

157 1352 300 1436 reliquos
322 1351 416 1418 facile
441 1355 580 1439 opprimi
601 1376 697 1440 posse
726 1353 887 1438 (magnae
912 1355 1070 1421 felicitatis

159 1478 229 1522 esse
251 1458 415 1522 neminem
430 1459 587 1542 refugisse
610 1460 643 1522 in
667 1466 781 1538 castra,
805 1459 917 1544 quide
942 1465 1069 1544 accepta

124 1583 135 1621 a
159 1562 339 1628 calamitate
362 1564 510 1627 nuntium
532 1563 692 1648 Drappeti
715 1562 887 1647 perferret,
918 1563 979 1628 sed
1002 1585 1068 1629 eum

159 1669 337 1752 periculum
375 1669 498 1732 nullum
530 1666 688 1752 videre‘),
728 1668 906 1752 equitatum
947 1690 1069 1735 omnem

162 1772 407 1857 Germanosque
416 1773 552 1857 pedites,
569 1794 712 1837 summae
723 1773 1069 1853 velocitatishomines‚

159 1879 350 1962 praemittit;
379 1879 447 1962 ipse
477 1878 640 1962 legionem
670 1897 766 1942 unam
795 1877 828 1940 in
858 1877 944 1941 trina
975 1883 1070 1942 castra

127 2004 138 2041 s
161 1982 332 2066 distribuit,
355 1983 489 2046 alteram
513 2004 623 2047 secum
648 1983 834 2067 expeditam
858 1982 957 2047 ducit.
1004 2004 1067 2048 cum

160 2088 292 2172 propius
308 2089 505 2169 accessisset,
529 2088 568 2152 ab
585 2088 856 2172 exploratoribus,
879 2109 963 2172 quos
984 2109 1068 2173 prae·

160 2192 311 2274 miserat,
344 2192 511 2275 cognoscit
544 2198 667 2274 castra,
699 2198 735 2256 ut
763 2192 978 2257 barbarorum
1008 2194 1067 2258 fere

162 2295 361 2360 consuetudo
402 2302 470 2378 est,
507 2295 629 2360 relictis
665 2295 745 2359 locis
781 2297 1004 2380 superioribus
1035 2295 1069 2360 ad

161 2400 245 2483 ripas
268 2399 406 2462 fluminis
431 2399 579 2481 demissa,
603 2405 635 2462 at
659 2399 839 2464 Germanos
863 2400 1069 2485 imprudenti·

160 2504 220 2567 bus
244 2503 392 2567 omnibus
422 2504 592 2567 advolasse
615 2503 840 2588 proeliumque
864 2507 1069 2570 commisisse.

126 2652 138 2688 4
162 2627 224 2690 qua
246 2627 281 2670 re
306 2607 436 2689 cognita
458 2607 622 2691 legionem
646 2613 802 2670 armatam
824 2608 1070 2695 instructamque

161 2709 302 2774 adducit.
348 2711 393 2774 ita
415 2716 549 2795 repente
573 2711 721 2774 omnibus
751 2732 794 2775 ex
816 2712 962 2796 partibus
986 2715 1070 2798 signo

163 2814 238 2877 dato
267 2815 340 2877 loca
368 2815 536 2898 superiora
567 2815 745 2899 capiuntur.
792 2814 947 2880 Germani
979 2817 1069 2902 signis

128 2919 299 3004 5legionis
329 2918 404 2982 visis
434 2918 716 2984 vehementissime
746 2919 959 3002 proeliantur.
1002 2943 1069 2987 con·

162 3024 269 3091 testim
292 3022 443 3086 cohortes
474 3022 617 3117 undique
651 3024 807 3108 impetum
830 3023 952 3090 faciunt
977 3025 1069 3091 omui·

162 3127 284 3211 busque
314 3133 369 3190 aut
400 3125 577 3190 interfectis
607 3132 661 3190 aut
691 3127 791 3212 captis
816 3147 936 3211 magna
957 3127 1070 3214 praeda

162 3232 338 3316 potiuntur.
384 3231 508 3316 capitur
532 3233 601 3316 ipse
624 3232 785 3317 Drappes.

129 3372 140 3410 1
227 3334 404 3398 XXXVII.
439 3335 590 3399 Caninius
619 3337 687 3400 sine
718 3337 784 3400 ullo
817 3359 922 3422 paene
946 3341 1068 3404 vulnere

163 3439 204 3503 ad
237 3439 433 3504 obsidendos
466 3440 645 3525 oppidanos
674 3440 847 3506 revertitur
878 3450 1067 3526 externoque
