2332 3892
446 254 467 304 1.
494 256 605 305 aa-ra.
934 258 972 320 31

73 428 154 488 esset
188 421 362 489 Caesarem
395 425 517 490 facere:
555 425 733 510 pollicitum
769 427 801 490 in
836 427 977 491 cohortis

71 527 248 610 praetoriae
272 528 344 591 loco
369 528 526 593 decimam
547 529 710 613 legionem
731 530 914 594 habiturum
937 531 978 595 ad

72 647 187 712 equum
209 630 409 711 rescribere}

90 756 93 761 ⁴
129 732 255 799 XLIII.
289 734 448 801 Planicies
471 743 671 821 eratmagna
687 739 768 802 etin
785 759 823 802 ea
838 738 978 801 tumulus
1000 761 1013 803 1

70 842 214 902 terrenus
229 840 305 903 satis
320 840 460 923 grandis.
498 842 550 904 hic
565 842 654 905 locus
670 861 773 925 aequo
790 841 857 906 fere
874 842 978 925 spatio

70 941 189 1006 aberat.
207 964 258 1025 eo,
270 949 386 1009 uteret
398 945 528 1028 dictum,
543 944 584 1009 ad
594 947 799 1030 conloquium
811 951 979 1011 venerunt.

70 1045 232 1129 legionem
256 1045 390 1130 Caesar,
421 1069 516 1132 quam
539 1050 628 1133 equis
651 1055 805 1130 vexerat,
833 1048 978 1133 passibus
1000 1073 1014 1117 1

71 1147 214 1212 ducentis
245 1150 284 1214 ab
315 1172 354 1215 eo
384 1152 507 1215 tumulo
536 1153 709 1217 constituit.
753 1153 831 1215 item
855 1153 979 1237 equites
1012 1139 1014 1147 ’

71 1252 223 1317 Ariovisti
245 1254 314 1340 pari
338 1254 506 1318 intervallo
529 1256 748 1320 constiterunt.
786 1255 1013 1339 Ariovistus,·e

71 1376 109 1420 ex
139 1358 231 1441 equis
253 1363 289 1420 ut
311 1359 581 1442 conloquerentur
610 1364 643 1422 et
668 1364 797 1444 praeter
819 1380 853 1423 se
878 1359 979 1423 denos

71 1461 282 1543 adducerent,
316 1462 499 1546 postulavit.
546 1461 665 1526 ansar
699 1462 788 1525 initio
828 1462 1013 1525 orationisr

71 1585 124 1626 sua
147 1570 340 1648 senatusque
356 1565 390 1628 in
405 1586 479 1629 eum
494 1565 667 1631 beneficia:
692 1564 778 1650 quod
793 1587 854 1629 rex
868 1566 980 1649 appel-

71 1667 150 1731 latus
174 1673 261 1732 esset
282 1688 302 1730 a
324 1673 447 1751 senatu,
470 1667 558 1752 quod
581 1669 714 1751 amicus,
738 1667 825 1752 quod
847 1688 981 1732 munera

70 1772 264 1856 amplissime
286 1772 400 1835 missa:
424 1791 529 1856 ,quarn
550 1793 619 1836 rem
636 1777 668 1835 et
682 1772 792 1856 paucis
808 1771 979 1854 contigisse

72 1881 101 1938 et
137 1896 198 1960 pro
228 1876 352 1965 magnis
385 1875 494 1939 officiis
530 1891 702 1939 consuesse
734 1874 845 1956 tribui3
878 1874 1014 1955 illum,⁵

71 2001 140 2043 cum
182 1999 287 2063 neque
324 1978 447 2042 aditum
488 1998 592 2062 neque
633 1998 759 2040 causam
796 1976 980 2060 postulandi

70 2082 184 2146 iustam
214 2082 364 2164 haberet,
395 2081 552 2146 beneficio
583 2101 619 2144 ac
648 2080 840 2144 liberalitate
864 2100 921 2143 sua
943 2100 980 2143 ac

72 2192 201 2249 senatus
232 2205 272 2248 ea
301 2186 444 2269 praemia
473 2183 709 2265 consecutum‘3
743 2185 855 2266 etiam,
885 2200 1014 2268 quame

72 2295 197 2354 veteres
219 2309 377 2373 quamque
406 2288 509 2353 iustae
533 2288 786 2353 necessitudines
809 2288 885 2371 ipsis
908 2306 980 2350 oum

72 2392 193 2458 Aeduis
236 2392 494 2471 intercederent,
537 2412 618 2476 quae
664 2396 792 2456 senatus
836 2388 1013 2453 consulter

72 2497 218 2581 quotiens
240 2516 398 2580 quamque
421 2495 597 2559 honorifica
620 2495 654 2559 in
677 2517 733 2560 eos
756 2495 840 2558 facta
862 2499 980 2574 essent,

71 2607 103 2664 ut
119 2601 208 2665 omni
225 2605 371 2682 tempore
386 2600 484 2662 totius
501 2599 626 2662 Galliae
642 2599 856 2683 principatum
871 2596 980 2661 Aedui

71 2704 258 2783 tenuissent,
273 2703 360 2786 prius
373 2701 469 2765 etiam
486 2722 581 2786 quarn
598 2702 768 2763 amicitiam
783 2701 980 2785 appetissent

70 2805 336 2892 populiRomani.
354 2806 445 2887 ,hano
456 2826 526 2870 esse
539 2803 815 2886 consuetudinem,
827 2808 863 2865 ut
874 2803 979 2865 socios
1002 2826 1014 2864 a

72 2914 166 2994 atque
189 2909 310 2973 amicos
333 2909 453 2990 gratia,
478 2907 650 2990 dignitate,
674 2905 796 2969 honore
822 2906 980 2968 auctiores

72 3013 147 3075 velit
163 3033 251 3091 esse3
277 3010 364 3094 quod
379 3031 456 3074 vero
473 3009 514 3074 ad
530 3010 700 3073 amicitiam
716 3009 827 3094 populi
842 3008 981 3072 Romani

73 3114 270 3195 adtulissent,
292 3112 325 3176 id
349 3113 429 3195 eripi
450 3113 520 3196 quis
541 3113 608 3196 pati
630 3117 741 3195 posset
751 3108 776 3174 Ρι
808 3111 982 3195 postulavit
1003 3134 1015 3171 9

74 3220 199 3300 eadem,
223 3238 305 3302 quae
328 3217 442 3300 legatis
464 3217 497 3279 in
515 3215 672 3279 mandatis
689 3214 844 3278 dederatr
863 3234 903 3277 ne
927 3219 982 3276 aut

74 3320 193 3386 Aeduis
216 3325 272 3384 aut
295 3340 407 3383 eorum
430 3320 524 3382 sociis
539 3319 660 3383 bellum
682 3317 829 3399 inferret3
855 3315 982 3381 obsides

75 3423 239 3504 redderet;
262 3423 289 3485 si
310 3423 430 3487 nullam
452 3428 578 3504 partem
595 3421 829 3484 Germanorum
850 3418 981 3482 domum
