2332 3892
118 245 121 255 ·
159 238 220 300 124
520 236 555 286 v.
583 237 695 288 cs-so.

155 429 262 493 neque
292 408 389 473 biduo
421 403 643 472 animadversa
670 408 766 473 tertio
798 407 849 472 die
880 407 1062 493 aquodam

157 513 260 602 milite
277 512 479 597 conspicitur,
500 511 631 596 dempta
646 511 687 575 ad
704 511 896 592 Ciceronem
912 512 1063 577 defertur.

120 617 211 680 ville
232 617 410 702 perlectam
432 617 465 680 in
488 621 649 681 conventu
671 615 808 678 militum
823 615 938 679 recitat
962 614 1063 678 maxi·

121 735 271 804 1⁰maque
302 739 413 784 omnes
445 718 569 785 laetitia
598 717 713 782 adficit.
758 723 831 780 tum
852 717 932 781 fumi
955 718 1066 782 incen-

157 822 283 887 diorum
304 823 417 907 procul
440 822 646 904 ridebantur,
662 842 744 906 quae
760 843 811 887 res
829 842 958 886 omnem
973 822 1064 885 dubi-

155 927 312 990 tationem
335 925 469 1008 expulit.

121 1041 134 1082 1
159 1059 164 1071 ‹
223 1027 344 1091 XLIX.
369 1027 499 1092 Gallire
515 1027 857 1110 cognitaobsidionem
872 1028 1064 1112 relinquunt,

156 1129 198 1195 ad
222 1131 392 1195 Gaesarem
426 1128 573 1194 omnibus
604 1130 704 1213 copiis
733 1130 940 1195 contendunt.
986 1131 1065 1196 haec

121 1240 248 1299 serant
281 1239 403 1298 armata
432 1232 559 1297 circiter
587 1232 675 1296 milia
696 1256 744 1299 ux.
784 1232 897 1297 Cicero
922 1233 999 1297 data
1019 1233 1065 1297 ls-

157 1337 275 1402 cultate
305 1337 434 1401 Gallum
464 1335 603 1400 eundem
630 1335 763 1419 repetit,
796 1335 850 1420 qui
878 1335 1002 1401 litteras
1024 1335 1065 1398 ad

157 1441 330 1506 Gaesarem
352 1441 449 1522 ferat3
480 1440 648 1520 admonet,
676 1438 738 1504 iter
761 1444 854 1502 caute
878 1438 1064 1522 diligenter-

121 1561 219 1629 sque
250 1544 361 1625 faciat3
394 1542 561 1628 perscribit
591 1541 701 1604 hostes
740 1540 779 1603 ab
813 1560 848 1603 se
880 1539 1065 1604 discessisse

157 1664 349 1730 omnemque
385 1645 426 1709 ad
463 1666 536 1709 eum
580 1642 818 1708 multitudinem
857 1645 1064 1709 convertisse.

122 1749 283 1813 scirciter
311 1748 420 1812 medis
446 1753 553 1821 nocte
567 1746 686 1812 Caesar
715 1767 791 1810 suos
813 1747 888 1811 facit
911 1748 1066 1812 certiores

122 1868 278 1937 reosque
309 1851 351 1914 ad
385 1850 600 1915 dimicandum
629 1851 805 1915 confirmat.
857 1852 928 1916 luce
962 1852 1066 1936 prima

157 1959 267 2019 moret
290 1960 392 2026 castra
420 1960 454 2019 et
483 1954 609 2018 circiter
623 1954 720 2018 ¹milia
741 1975 891 2038 passuum
914 1962 1066 2040 quattuor

157 2078 347 2142 progressus
378 2064 464 2121 trans
486 2059 603 2122 vallem
635 2063 668 2123 et
696 2059 799 2121 risum
824 2059 1065 2125 multitudinem

123 2161 297 2229 shostium
337 2161 547 2244 conspicatur.
601 2166 671 2226 erat
704 2163 812 2245 magni
843 2163 978 2246 periculi
1012 2185 1065 2228 res

157 2265 287 2328 tantulis
303 2263 403 2348 copiis
418 2263 527 2348 iniquo
543 2263 615 2327 loco
633 2262 802 2346 dimicare3
818 2271 896 2346 tum,
912 2266 1067 2350 quoniam

158 2365 325 2430 obsidione
362 2364 533 2430 liberatum
568 2364 758 2430 Ciceronem
791 2366 927 2449 sciebat,
957 2389 1066 2454 aequo

157 2470 264 2532 animo
300 2467 531 2533 remittendum
567 2467 608 2532 de
646 2468 811 2534 celeritate
850 2469 1066 2536 existimabat.

123 2570 304 2635 'consedit
334 2577 368 2635 et
396 2591 494 2656 quam
523 2571 714 2656 aequissimo
746 2574 818 2637 loco
850 2579 954 2638 castra
975 2596 1066 2639 com·

157 2673 259 2738 munit
281 2679 376 2758 atque
395 2673 494 2755 haec,
516 2674 576 2739 etsi
599 2681 690 2739 erant
712 2676 830 2759 exigua
851 2696 910 2761 per
932 2697 985 2762 ss,
1009 2679 1069 2743 rix·

156 2776 323 2842 hominum
352 2775 475 2840 milium
498 2781 637 2860 septem,
666 2779 854 2860 praesertim
883 2780 979 2843 nullis
1014 2783 1064 2845 in-

36 2943 43 2956 ,
156 2878 358 2965 pedimentis,
380 2884 488 2943 tamen
505 2879 659 2962 angustiis
672 2880 796 2944 riarum
810 2901 907 2965 quam
921 2884 1065 2949 maxime

155 2989 265 3070 potest
287 2982 447 3048 contrahit
469 3003 508 3048 eo
533 2983 677 3065 consilio,
699 2988 736 3047 ut
755 2984 788 3046 in
806 3005 963 3049 summam
985 3007 1065 3051 con·

126 3086 368 3170 stemptionem
402 3085 548 3149 hostibus
584 3084 701 3150 veniat.
750 3086 879 3150 interim
916 3091 1064 3173 specula·

157 3189 281 3252 toribus
303 3188 336 3251 in
359 3208 489 3254 omnem
511 3194 636 3273 partem
660 3188 795 3254 dimissis
818 3192 975 3276 explorat,
998 3215 1064 3279 quo

160 3290 418 3357 commodissime
440 3292 554 3357 itinero
577 3294 696 3357 vallem
717 3294 876 3360 transiret.

125 3425 137 3464 ι
223 3393 261 3457 L.
295 3392 344 3456 Eo
377 3394 428 3460 die
459 3395 600 3479 parvulis
630 3394 829 3479 equestribus
857 3397 989 3482 proeliis
1021 3397 1063 3462 sd
