2332 3892
172 219 212 279 52
548 218 583 268 11.
610 219 722 268 21-28.

965 310 971 345 r

137 408 146 449 1
236 392 330 454 XXI.
357 391 474 456 Caesar
484 391 672 456 necessariis
687 389 783 456 rebus
796 388 960 475 Imperatis
987 411 1083 475 quam

171 494 204 555 in
226 501 351 578 partem
372 495 438 558 fors
462 495 586 576 obtulit,
612 494 792 559 decucurrit
815 501 848 558 et
863 494 904 557 ad
919 494 1084 578 legionem

137 615 149 655 2
173 596 328 662 decimam
353 598 493 664 devenit.
534 599 654 662 milites
676 620 741 662 non
763 599 912 682 longiore
937 599 1083 663 cretione

172 701 357 765 cohortatus
380 723 475 785 quem
498 681 561 789 uti!
567 703 720 788 pristinae
744 688 872 767 virtutis
894 705 1083 768 memoriam

136 823 149 861 ³
171 806 348 884 retinerent
369 826 433 869 neu
456 808 720 891 perturbarentur
751 787 873 938 auimqi,
906 808 994 892 quod
1017 828 1083 871 non

169 909 298 993 longius
328 909 439 974 hostes
472 910 604 974 aberant
637 931 733 994 quam
766 931 829 994 quo
862 911 962 974 telum
995 909 1083 994 edigi

136 1040 149 1076 4
170 1019 290 1098 posset,
313 1013 427 1097 proelii
451 1013 672 1077 committendi
696 1014 824 1096 signum
848 1013 946 1078 dedit.
986 1020 1082 1099 atque

170 1118 204 1180 in
227 1119 360 1181 alteram
375 1087 679 1215 partemsprofectus
699 1117 915 1202 pugnantibus
932 1119 1080 1182 occurrit.

137 1221 326 1306 stemporis
364 1227 453 1285 tante
485 1221 545 1285 fuit
577 1220 736 1304 exiguitas
775 1221 979 1305 hostiumque
1016 1227 1080 1284 tam

170 1331 300 1409 paratus
324 1323 364 1388 ad
389 1323 605 1388 dimicandum
622 1324 757 1406 animus,
779 1331 815 1387 ut
838 1346 902 1388 nou
925 1323 1081 1387 modoad

81 1490 83 1494 ,
170 1429 309 1511 insignia
354 1426 631 1493 adcommodande
667 1427 726 1491 sed
768 1428 865 1492 etiam
902 1427 943 1488 ad
980 1412 1097 1521 galesi

171 1534 331 1617 scutisque
355 1534 531 1616 tegimenta
554 1530 753 1596 detrahenda
782 1536 908 1614 tempus
933 1529 1080 1595 defuerit.

138 1658 266 1722 equam
282 1638 423 1722 >quisque
454 1638 492 1700 eb
518 1656 616 1720 opere
645 1634 678 1698 in
705 1640 831 1718 partem
854 1654 929 1696 casu
952 1632 1081 1698 devenit

172 1762 318 1825 quaeque
325 1726 433 1827 letgna
456 1741 633 1825 conspexit,
657 1738 698 1802 ad
713 1739 794 1803 haee
809 1738 960 1820 constitit,
983 1760 1025 1802 ne
1049 1739 1081 1802 iu

173 1830 508 1950 quaereud‘oltempus
533 1844 718 1907 dimitteret.

138 1985 150 2025 1
235 1948 347 2012 XXII.
385 1948 545 2012 Instructo
563 1947 708 2012 exercitu
724 1946 825 2029 magis
839 1950 875 2009 ut
889 1945 953 2009 loci
968 1927 1117 2038 natura}—

173 2058 206 2116 et
227 2037 401 2116 necessitas
423 2053 577 2137 temporis
600 2072 693 2135 quem
717 2057 752 2113 ut
774 2051 821 2114 rei
837 2050 982 2114 militaris
998 2051 1079 2114 ratio

172 2159 268 2239 atque
285 2154 363 2219 ordo
379 2155 571 2240 postulabat,
588 2167 664 2218 cum·
677 2154 821 2218 diversae
837 2153 983 2236 legiones
999 2155 1079 2217 aliae

172 2257 235 2322 alia
270 2259 303 2324 iu
339 2264 428 2343 parte
467 2258 612 2322 hostibus
645 2257 832 2320 resisterent
869 2258 1080 2343 saepibusque

173 2361 385 2443 densissimis,
415 2365 450 2424 ut
479 2365 552 2424 ante
577 2359 881 2441 demonstravimus,
905 2360 1081 2426 interiectis

147 2469 361 2549 >prospectus
404 2464 622 2549 inpediretur,
666 2484 771 2547 neque
816 2470 903 2528 certa
940 2462 1101 2530 subsidia

144 2644 147 2648 Α
173 2568 333 2631 conlocari
356 2588 472 2651 neque,
495 2568 573 2651 quid
591 2568 625 2631 iu
641 2589 766 2652 quaque
781 2575 872 2653 parte
890 2589 969 2652 opus
986 2577 1081 2654 esset,

172 2670 336 2756 provideri
358 2691 462 2754 neque
494 2672 533 2735 eb
563 2691 627 2734 uno
657 2661 775 2751 omniai¹
786 2667 1008 2737 administrari
1022 2695 1080 2758 po·

138 2809 151 2850 2
173 2779 288 2839 terant.
325 2775 432 2858 itaque
456 2775 489 2837 in
512 2781 600 2838 tanta
622 2795 729 2856 rerqm
746 2756 912 2858 iniquitate
934 2775 1081 2841 fortunae

174 2899 303 2963 quoque
327 2883 460 2942 eventus
483 2878 563 2941 varii
586 2877 810 2961 sequebantur.

138 3018 151 3056 1
238 2981 367 3046 XXIII.
405 2981 558 3064 Legionis
588 3001 692 3045 nonae
725 2987 757 3046 et
787 2981 930 3046 decimae
954 2984 1081 3068 milites,

174 3093 210 3150 ut
228 3087 261 3150 in
284 3087 412 3150 sinistra
433 3085 501 3149 acie
518 3086 737 3167 constiterant,
760 3086 833 3170 pilis
850 3089 973 3152 emissis
989 3110 1082 3153 eursu

176 3190 375 3255 exanimatos
413 3189 661 3273 vulneribusque
705 3191 869 3255 confectos
907 3191 1082 3258 Atrebates

175 3277 273 3374 (nam1
285 3314 324 3357 ea
346 3314 419 3378 pars
436 3293 625 3374 obvenerat)
650 3261 804 3389 eeleriteri
813 3296 846 3358 in
861 3297 980 3360 flumen
995 3318 1082 3361 com-

173 3396 324 3480 pulerunt
347 3395 536 3476 etinseeuti
569 3394 684 3478 gladiis
713 3416 863 3479 magnam
886 3402 1011 3481 partem
1033 3399 1082 3460 in·
