2332 3892
157 212 160 217 “
193 225 234 286 46
553 225 728 275 nro-11.

193 401 288 480 atque
320 417 371 460 res
403 396 610 460 frumentaria
641 397 777 461 deficere
811 397 933 482 coepit,
967 401 1101 466 consilio

164 506 172 535 ³
193 514 369 563 convocato
404 503 637 565 constituerunt
670 501 825 585 optimum
863 522 933 565 esse
969 503 1102 569 domum

192 626 280 668 suam
298 624 457 690 quemque
472 606 590 670 reverti
606 611 648 687 et,
670 627 805 689 quorum
819 606 852 667 in
867 605 1102 690 finesprimum

190 708 329 772 Romani
352 709 528 772 exercitum
551 708 820 789 introduxissent,
844 708 885 771 ad
908 730 964 773 eos
989 709 1100 776 defen·

93 854 104 878 r
193 811 317 876 dendos
330 811 471 895 undique
497 813 692 912 convenire,
702 817 737 872 ut
752 812 859 894 potius
875 811 908 873 in
924 813 988 874 suis
1005 834 1101 896 quam

190 916 224 979 in
246 916 356 979 alienis
378 916 492 981 finibus
516 916 719 980 decertarent
743 920 775 977 et
792 914 975 977 domesticis
999 895 1124 1008 copiisf‘

158 1045 170 1083 s
192 1025 366 1083 uterentur.
405 1019 445 1082 ad
462 1041 532 1083 eam
548 1019 738 1083 sententiam
757 1040 828 1080 curn
848 1018 978 1101 reliquis
995 1022 1099 1084 causis

191 1114 270 1186 haec
293 1100 501 1207 quoque‘eos
532 1123 683 1204 deduxit,
714 1120 801 1206 quod
826 1121 1021 1185 Divitiacum
1052 1131 1100 1186 at·

191 1247 253 1310 que
276 1225 409 1289 Aeduos
423 1226 546 1291 lfinibus
570 1227 816 1290 Bellovacorum
839 1225 1099 1310 adpropinquare

191 1335 418 1411 cognoverant.
434 1331 483 1394 his
496 1330 692 1415 persuaderi,
710 1336 745 1392 ut
759 1329 876 1392 diutius
887 1337 1099 1413 morarentur,

191 1455 255 1497 non
278 1439 415 1517 poterat.

158 1561 169 1598 1
256 1536 315 1600 XI.
347 1537 395 1600 Ea
417 1559 451 1600 re
476 1538 648 1600 constituta
670 1536 811 1600 secunda
839 1535 948 1618 vigilia
978 1557 1096 1620 magno

191 1663 263 1705 cum
286 1641 420 1725 strepitu
435 1662 471 1703 ac
487 1618 761 1749 tumultqlegressi
776 1640 863 1701 nullo
880 1645 968 1703 certo
987 1639 1100 1703 ordine

190 1765 294 1828 neque
317 1744 464 1826 imperio,
489 1765 560 1806 oum
583 1743 643 1806 sibi
659 1743 791 1826 quisque
815 1743 953 1825 primum
976 1743 1100 1806 itineris

90 1880 93 1887 ·
157 1864 159 1868 “
191 1847 297 1908 locum
325 1850 451 1929 peteret
480 1851 512 1909 et
543 1845 672 1908 domum
702 1846 870 1928 pervenire
900 1853 1099 1931 properaret,

191 1949 346 2030 lecerunt,
369 1954 404 2010 ut
427 1948 599 2011 consimilis
621 1948 715 2031 fugae
739 1948 895 2031 profectio
925 1948 1099 2013 videretur.

157 2052 251 2114 abac
279 2072 314 2115 re
346 2052 452 2114 statim
483 2050 601 2114 Caesar
630 2071 689 2134 per
720 2052 938 2135 speculatores
971 2053 1101 2135 cognita

190 2155 321 2219 insidias
343 2155 473 2235 veritus,
496 2152 592 2237 quod,
616 2152 741 2236 quade
765 2175 858 2217 causa
887 2153 1099 2238 discederent,

191 2257 333 2321 nondum
376 2261 604 2340 perspexerat,
643 2257 820 2319 exercitum
858 2258 1098 2343 equitatumque

157 2362 301 2425 scastris
324 2360 490 2424 continuit.
547 2359 650 2442 prima
678 2359 748 2422 luce
779 2359 963 2422 confirmata
993 2383 1028 2424 re
1059 2361 1098 2424 ab

191 2464 447 2548 exploratoribus
465 2483 593 2526 omnem
606 2462 790 2544 equitatum,
821 2464 875 2548 qui
890 2465 1100 2528 novissimum

190 2588 306 2650 agmen
321 2572 510 2648 moraretur,
525 2566 689 2648 praemisit
700 2549 763 2668 ³lQ'
779 2567 916 2631 Pedium
932 2573 965 2632 et
980 2568 1017 2631 L.
1029 2568 1098 2632 Au·

189 2668 389 2732 runculeium
405 2667 532 2731 Cottam
545 2669 670 2752 legatos
681 2670 853 2754 praefecit,
870 2671 906 2734 Τ.
918 2671 1098 2735 Labienum

189 2774 331 2856 legatum
361 2793 433 2836 cum
463 2773 644 2855 legionibus
676 2774 777 2837 tribus
814 2772 964 2858 subsequi
994 2775 1095 2837 iussit.

156 2899 169 2937 ι
189 2877 222 2940 hi
237 2877 428 2939 novissimos
444 2876 549 2940 adorti
561 2883 593 2941 et
602 2878 703 2939 multa
718 2877 804 2939 milia
816 2898 966 2962 passuum
982 2898 1093 2961 prose·

157 2981 256 3044 scuti
284 2978 509 3061 conciderunt,
542 2951 636 3081 cumssl
642 2980 782 3063 priores,
815 2979 902 3063 quod
935 2979 1048 3043 abesse
1079 3000 1098 3041 a

189 3083 331 3168 periculo
354 3082 541 3146 viderentur
563 3104 669 3168 neque
692 3084 757 3146 ulla
779 3083 969 3147 necessitate
991 3103 1095 3167 neque

189 3185 325 3269 imperio
350 3186 598 3268 continerentur,
629 3186 781 3251 exaudito
806 3187 945 3249 clamore
969 3193 1094 3270 pertur-

189 3288 271 3351 batis
308 3286 471 3351 ordinibus
503 3311 614 3354 omnes
643 3292 677 3354 in
706 3291 782 3373 fuga
811 3291 870 3354 sibi
901 3290 1095 3374 praesidium

155 3410 167 3449 o
188 3397 357 3476 ponerent.
401 3391 446 3454 ita
468 3390 535 3456 sine
552 3393 617 3456 ullo
641 3393 783 3477 periculo
807 3398 930 3456 tantam
952 3394 1094 3458 multitu·
