2332 3892
470 212 519 263 va
548 213 659 294 ross1r.
975 211 1035 274 137

121 387 252 453 Suebos
274 386 410 450 mittant.
454 385 501 449 illi
528 385 685 469 imperata
714 385 833 449 faciunt
862 389 895 448 et
923 386 1068 467 paucisr

124 491 241 557 diebus
263 489 453 554 intermissis
468 489 626 553 referunt:
651 489 785 570 ,Suebos
802 508 923 569 omnes,
946 495 1034 571 post·

125 614 165 659 ea
187 613 285 678 quam
315 592 467 657 certiores
497 591 601 655 nuntii
631 590 671 655 de
705 592 848 655 exercitu
876 590 1033 670 venerint,

126 718 200 762 cum
222 696 369 762 omnibus
392 697 457 760 suis
480 697 703 778 sociorumque
731 695 849 778 copiis,
880 714 958 777 quas
981 715 1033 758 oo·

127 800 280 885 egissent,
302 799 429 883 penitus
449 797 490 862 ad
514 803 675 864 extremos
697 797 777 861 fines
800 817 835 861 se
856 797 1032 880 recepisse,

127 904 242 968 silvam
262 902 385 966 infinita
406 900 643 984 magnitudine,
667 920 749 984 quae
771 900 955 984 appellatur·
970 900 1033 970 Ba·
1055 919 1068 957 s

128 1007 232 1089 cenis,
262 1006 359 1090 longe
389 1006 545 1070 introrsus
575 1004 737 1088 pertinere
772 1010 805 1067 et
834 1024 892 1087 pro
924 1004 1032 1068 nativo
1058 1037 1060 1042 ·

127 1132 219 1176 muro
250 1109 410 1174 obiectam
433 1108 612 1172 Cheruscos
641 1108 680 1172 ab
703 1106 818 1170 Suebis
847 1107 1033 1191 Suebosque

127 1214 167 1278 ab
192 1211 363 1277 Cheruscis
385 1211 571 1296 prohibere:
601 1211 642 1274 ad
672 1211 739 1275 eius
761 1210 888 1274 initium
910 1210 1034 1276 Suebos

127 1315 303 1392 adventum
332 1315 552 1379 Romanorum
584 1319 771 1397 exspectare
810 1313 1034 1380 constituisse‘

188 1418 251 1483 XI.
282 1418 441 1497 Quoniam
463 1417 504 1482 ad
526 1418 611 1481 huno
633 1417 741 1482 locum
762 1424 952 1501 perventum
975 1425 1032 1501 est,
1054 1444 1064 1482 1

126 1545 190 1589 non
201 1522 344 1588 alienum
359 1541 430 1585 esse
445 1519 572 1585 videtur
586 1519 627 1583 do
639 1520 762 1596 Galliae
778 1522 1032 1606 Germaniaeque

126 1625 270 1692 moribus
292 1631 410 1708 atquo
433 1623 582 1690 differant
603 1624 664 1688 hae
685 1625 832 1689 nationes
855 1626 939 1689 inter
961 1647 1032 1690 sese

126 1747 318 1813 proponere.
347 1727 381 1791 in
405 1726 510 1791 Gallia
531 1748 596 1791 non
619 1727 722 1792 solum
744 1729 777 1792 in
794 1730 940 1794 omnibus
956 1730 1066 1795 civi-⁴2

126 1832 245 1897 tatibus
280 1836 379 1915 atque
403 1831 444 1913 ,in
481 1829 628 1895 omnibus
658 1831 750 1915 pagis
781 1830 838 1895 sed
866 1852 970 1916 paene
998 1834 1029 1896 iu

127 1935 259 2020 singulis
282 1933 431 2011 domibus
459 1933 613 2014 factiones
642 1942 715 1998 sunt
745 1955 916 2019 earumque
945 1937 1031 2020 prin·

128 2040 213 2124 cipes
235 2058 393 2102 summam
415 2037 637 2102 auctoritatem
658 2039 777 2104 habere
800 2041 1030 2123 existimantur,
1052 2060 1064 2098 a

127 2163 262 2228 quorum
283 2141 325 2207 ad
340 2142 505 2206 arbitrium
518 2140 734 2227 iudiciumque
750 2163 874 2207 summa
890 2144 1030 2208 omnium

126 2266 232 2311 rerum
263 2245 533 2329 consiliorumque
564 2244 692 2326 redeat3
732 2245 818 2330 quod
857 2247 1064 2330 antiquitus4

126 2347 307 2413 institutum
334 2346 476 2425 videtur,
504 2348 617 2432 nequis
646 2368 688 2412 ex
717 2349 813 2432 plebe
843 2357 952 2415 contra
973 2372 1031 2435 po-

126 2451 297 2514 tentiorem
320 2449 431 2512 auxilii
453 2455 579 2533 egeret:
611 2469 686 2513 suos
710 2450 795 2514 enim
817 2450 950 2535 quisque
976 2473 1032 2536 op·

127 2555 221 2637 primi
250 2559 283 2616 et
313 2552 532 2617 circumveniri
560 2572 627 2617 non
647 2553 767 2637 patitur
787 2575 908 2638 neque,
939 2556 1031 2620 aliter

129 2657 280 2737 silaciat,
302 2655 401 2719 ullam
422 2656 520 2720 habet
543 2657 774 2721 auctoritatem.
814 2658 895 2722 haec
918 2659 1064 2723 eadem⁵

128 2757 205 2824 ratio
230 2758 334 2823 estin
357 2780 480 2823 summa
501 2759 600 2824 totius
624 2760 758 2824 Galliae.

187 2860 267 2926 XIL
307 2860 388 2926 Oum
411 2861 528 2939 ansar
549 2863 583 2927 in
607 2862 745 2928 Galbam
766 2865 869 2946 venit,
899 2865 1029 2930 alterius
1051 2888 1063 2926 1

131 2965 273 3031 iectionis
295 2966 456 3050 principes
479 2972 569 3030 erant
589 2964 707 3045 Aedui,
731 2967 861 3030 alterius
880 2967 1028 3052 Sequani.

132 3065 162 3132 hi
184 3088 256 3132 cum
276 3087 335 3152 per
357 3088 391 3132 se
414 3069 518 3132 minus
540 3070 692 3150 valerent,
714 3068 801 3154 quod
823 3091 947 3134 summa
975 3092 1062 3139 auc

136 3168 258 3235 ctoritm
290 3169 464 3254 antiquitus
504 3178 572 3236 erat
610 3172 646 3246 in
676 3169 801 3235 Aeduis
832 3193 1028 3257 magnaeque

138 3271 314 3354 clientelae,
344 3273 521 3338 Germanos
553 3279 647 3358 atque
669 3271 870 3339 Ariovistum
892 3275 953 3339 sibi
975 3276 1029 3339 ad-

138 3371 297 3438 iunxerant
319 3394 437 3461 eosque
460 3375 501 3440 ad
524 3396 557 3439 se
581 3377 704 3460 magnis
727 3377 854 3440 iacturis
873 3378 1030 3460 pollicita·
