2332 3892
487 261 535 311 1v.
565 251 675 310 rc-rr.
991 262 1033 322 85

126 434 192 497 suis
222 453 350 518 quoque
382 432 478 496 rebus
507 452 563 495 eos
595 431 708 494 timere
737 430 855 511 voluit,
887 450 959 493 cum
988 430 1035 492 in·

126 537 321 619 tellegerent
353 541 385 598 et
414 554 509 618 possa
540 539 573 597 et
604 522 724 597 audere
753 534 864 617 populi
896 533 1036 596 Romani
1137 539 1149 593 .“

127 639 307 704 exereitum
354 636 505 700 Rhenum
549 637 694 700 transire.
751 636 884 701 accessit
930 637 1069 718 etiamr

127 740 217 827 qnod
240 742 295 804 illa
316 761 389 824 pars
412 740 583 824 Usipetum
607 745 639 803 et
661 738 910 817 Tencterorum,
941 760 1036 822 quam

127 865 225 929 supra
258 844 436 907 memoravi
464 843 590 906 Mosam
622 843 773 907 transisse
803 864 907 926 neque
942 863 1036 926 proc-

126 950 172 1012 lio
212 947 412 1028 interfuisse,
451 952 526 1031 post
562 946 670 1029 fugam
712 967 843 1010 suorum
880 967 914 1010 se
952 951 1037 1008 trans

127 1053 280 1115 Rhenum
302 1049 335 1112 in
357 1049 435 1113 fines
459 1049 710 1132 Sugambrorum
740 1056 907 1133 receperat
938 1069 1036 1132 seque

129 1175 202 1219 cum
225 1154 264 1215 iis
286 1152 505 1215 coniunxerat.
551 1149 592 1214 ad
615 1171 694 1234 quos
718 1173 790 1214 cum
815 1152 932 1216 Caesar
955 1174 1035 1215 nun·
1058 1174 1071 1211 a

130 1259 193 1320 tios
216 1255 353 1337 misisset
376 1274 453 1336 ‚eos‚
477 1254 531 1338 qui
554 1254 613 1318 sibi
637 1253 824 1337 Galliaeque
848 1255 967 1318 bellum
990 1255 1037 1316 in·

131 1360 296 1440 tulissent,
335 1358 395 1421 sibi
429 1355 605 1439 dederent‘,
637 1357 885 1442 responderunt:
918 1358 1072 1442 ,populis

131 1461 269 1527 Romani
299 1460 468 1542 imperium
497 1459 647 1524 Rhenum
675 1460 782 1524 finire:
817 1461 843 1523 si
872 1482 905 1524 se
937 1461 1036 1524 invito

134 1567 314 1630 Germanos
337 1563 368 1624 in
393 1560 531 1625 Galliam
553 1563 688 1624 transire
710 1583 775 1624 non
804 1582 941 1644 aequum
970 1564 1037 1628 exi·

132 1671 293 1748 stimaret,
327 1686 382 1729 eur
413 1665 463 1727 sui
495 1665 663 1748 quicquam
694 1685 764 1728 esse
796 1665 921 1748 imperii
952 1672 1038 1729 trans

131 1772 284 1836 Rhenum
312 1764 523 1852 postularetl‘
567 1767 643 1830 Ubii
671 1773 794 1848 autem,
831 1768 884 1851 qui
912 1769 967 1830 uni
998 1789 1073 1835 sxa

132 1870 384 1938 Transrhenanis
407 1869 449 1933 ad
473 1869 643 1934 Caesarem
672 1870 837 1952 miserant,
869 1872 1038 1936 amicitiam

132 1979 291 2058 fecerant,
323 1973 449 2057 obsides
474 1973 646 2055 dederant,
678 1994 873 2057 magnopere
898 1975 1040 2055 orabant,

134 2087 180 2162 ,ut
202 2079 262 2143 sibi
285 2079 438 2140 auxilium
459 2076 567 2158 ferret,
592 2075 678 2160 quod
700 2078 841 2160 graviter
863 2079 902 2141 ab
926 2079 1039 2142 Suebis

133 2175 374 2268 premerentnr3
413 2181 482 2264 vel,
517 2181 543 2244 si
575 2181 609 2243 id
641 2181 746 2246 lacere
779 2183 1073 2266 occupationibusa
1126 2168 1129 2176 ¹

133 2285 368 2371 prohiberetur,
392 2283 568 2347 exereitum
592 2283 689 2347 modo
713 2283 862 2347 Rhenum
878 2290 1039 2370 transpor-

134 2393 234 2451 taret:
265 2385 299 2448 id
322 2385 381 2449 sibi
404 2385 446 2448 ad
468 2384 621 2448 auxilium
644 2406 799 2470 spemque
822 2387 936 2471 reliqui
958 2395 1039 2452 tem-

134 2491 222 2576 poris
244 2490 321 2552 satis
342 2488 493 2552 futurum.
524 2493 646 2550 tantum
664 2509 734 2552 esse
750 2510 868 2554 nomen
882 2492 1040 2554 exercitus
1063 2515 1075 2552 r

134 2593 299 2659 Ariovisto
330 2592 421 2676 pulso
453 2597 485 2656 et
513 2592 575 2655 hoc
598 2592 770 2655 novissimo
802 2594 926 2677 proelio
956 2594 1040 2658 facto

135 2699 234 2762 etiam
256 2695 297 2759 ad
319 2695 446 2758 ultimas
463 2695 696 2759 Germanorum
718 2698 874 2779 nationes,
897 2699 942 2761 uti
963 2697 1041 2760 ami-

136 2799 211 2862 citia
232 2797 345 2881 populi
366 2796 505 2859 Romani
535 2797 594 2859 tuti
625 2818 695 2861 esse
726 2798 869 2882 possint.‘
913 2802 1075 2866 naviums

135 2920 289 2983 magnam
316 2898 442 2982 copiam
472 2897 513 2961 ad
548 2899 827 2982 transportandum
865 2902 1040 2966 exercitum

136 3001 381 3088 pollicebantur.

201 3104 313 3169 XVII.
349 3104 466 3168 Caesar
498 3106 631 3170 navibus
663 3108 796 3170 transire
830 3126 935 3190 neque
968 3106 1076 3172 satisr

137 3215 242 3272 tutum
275 3228 344 3272 esse
374 3207 585 3272 arbitrabatur
612 3231 715 3293 neque
746 3231 822 3273 suae
851 3229 955 3292 neque
985 3229 1042 3292 po-

137 3312 205 3394 puli
252 3310 391 3374 Romani
435 3309 615 3394 dignitatis3
659 3314 785 3397 itaque,
824 3312 884 3375 etsi
922 3332 1078 3374 summan

139 3413 309 3477 difficultas
346 3412 484 3476 faciundi
524 3415 630 3498 pontis
667 3422 798 3499 propter
835 3414 1044 3494 latitudinem,
