2324 3900
174 253 234 316 140
540 254 588 305 VI.
618 255 730 304 14-16.

172 415 280 497 itaque
303 431 403 475 annos
425 407 570 473 nonnulli
592 407 723 470 vicenos
745 405 780 469 in
812 404 984 490 disciplina
1013 429 1075 491 per·

172 523 312 581 manent.
356 535 460 600 neque
490 512 537 576 fas
566 532 636 576 esse
669 511 854 575 existimant
893 531 933 574 ea
970 512 1075 576 litteris

172 620 334 701 mandare,
358 640 429 682 oum
452 618 485 681 in
504 616 635 699 reliquis
650 615 718 680 iere
733 615 871 698 publieis
887 616 1074 701 privatisque

138 723 306 789 *Graecis
334 727 472 784 utantur.
517 719 550 782 id
578 719 657 782 mihi
685 717 808 783 duabus
839 718 881 782 de
913 721 1018 785 oausis
1037 723 1074 784 in·

173 826 314 890 stituisse
345 823 509 904 videntur,
540 821 627 907 quod
649 842 753 906 neque
776 823 809 886 in
832 823 970 907 vulgum
992 824 1074 888 disei-

173 932 294 1016 plinam
316 929 422 992 efferri
444 928 545 992 velint
566 946 671 1010 neque
693 926 808 990 litteris
826 927 967 991 confisos
982 929 1073 992 minus

173 1032 347 1098 memoriae
377 1031 521 1111 studere,
551 1029 637 1114 quod
666 1029 732 1093 fere
762 1030 927 1114 plerisque
958 1031 1072 1113 accidit,

173 1146 208 1203 ut
230 1135 391 1221 praesidio
410 1136 588 1198 litterarum
604 1133 802 1218 diligentiam
818 1134 852 1197 in
867 1133 1072 1218 perdiscendo

139 1261 210 1306 rao
233 1239 421 1304 memoriam
443 1238 616 1302 remittant.
647 1236 793 1321 inprimis
816 1237 933 1302 volunt
954 1260 1072 1325 persua·

175 1345 251 1409 dere
273 1365 338 1408 non
360 1342 490 1406 interire
513 1343 644 1423 animas,
668 1341 725 1405 sed
747 1342 786 1405 ab
810 1342 883 1406 aliis
906 1351 982 1426 post
1002 1364 1073 1408 mor·

174 1456 241 1514 tem
261 1447 396 1511 transire
419 1445 460 1509 ad
483 1446 563 1510 alios
585 1451 680 1529 atque
702 1445 765 1510 hoo
787 1444 829 1508 ad
852 1446 1007 1510 virtutem
1028 1467 1073 1510 ex·

140 1577 153 1618 r
176 1553 265 1617 citari
287 1557 375 1614 metu
397 1549 509 1615 mortis
531 1550 689 1633 neglecto.
727 1549 828 1612 multa
849 1549 1073 1633 praeterendo

175 1654 332 1721 sideribus
355 1659 450 1737 atque
474 1673 585 1717 eorum
607 1658 706 1733 motu,
730 1651 770 1715 de
794 1652 907 1717 mundi
930 1675 968 1718 ao
986 1660 1073 1718 terra·

175 1780 246 1824 rum
268 1755 502 1841 magnitudine,
532 1754 573 1820 de
596 1775 702 1819 rerum
724 1761 853 1837 natura,
884 1755 926 1820 de
950 1756 1073 1823 deorum

175 1866 336 1948 potestate
361 1859 524 1943 disputant
546 1864 578 1922 et
599 1858 757 1923 iuventuti
780 1858 919 1923 tradunt.

116 1992 159 2034 ua
240 1963 314 2028 XV.
345 1961 493 2026 Alterum
509 1983 610 2047 genus
632 1967 680 2026 est
695 1961 849 2044 equitum.
879 1963 925 2044 hi,
949 1984 1021 2027 oum
1034 1967 1074 2026 est

175 2089 251 2132 usus
274 2065 384 2151 (atque
408 2064 528 2149 aliquid
549 2064 661 2128 inuidit
683 2064 749 2127 fere
765 2063 952 2148 quotannis)
976 2085 1074 2132 omnes

176 2173 210 2236 in
230 2171 316 2236 bello
339 2175 506 2234 versantur
528 2174 639 2252 atque,
668 2168 859 2252 utquisque
883 2174 933 2232 est
956 2188 1074 2253 genere,
1112 2234 1115 2242 ,

178 2275 277 2358 oopiis
300 2272 524 2356 amplissimus,
546 2272 592 2334 ita
613 2271 768 2354 plurimos
791 2271 957 2336 ambactos
979 2274 1074 2337 habet.

176 2379 259 2442 hano
281 2398 377 2440 unam
400 2374 535 2460 gratiam
556 2375 796 2458 potentiamque
819 2385 989 2442 noverunt.

144 2506 157 2546 1
241 2479 333 2543 XVI.
362 2479 459 2543 Natio
483 2484 532 2541 est
555 2477 728 2542 admodum
750 2476 861 2542 dedita
874 2479 1075 2563 religionibus

145 2609 158 2648 r
180 2590 274 2666 atque
298 2582 338 2646 ob
362 2602 433 2645 earn
457 2600 594 2661 oausam,
617 2581 670 2664 qui
693 2585 766 2643 sunt
789 2578 907 2644 adfeoti
930 2581 1075 2665 graviori·

178 2686 239 2749 bus
261 2683 380 2747 morbis
404 2684 520 2767 quique
549 2683 583 2746 in
610 2682 741 2766 proeliis
770 2681 988 2767 periculisque
1015 2703 1076 2747 ver·

180 2792 302 2867 santur,
334 2791 387 2848 aut
415 2806 473 2869 pro
503 2785 640 2849 victimis
671 2783 817 2848 homines
845 2784 1005 2850 inmolant
1031 2792 1077 2849 aut

180 2911 214 2954 se
243 2889 451 2953 inmolaturos
478 2895 597 2952 vovent
627 2887 885 2971 administrisque
919 2889 1077 2953 druidibus

146 3019 159 3059 a
179 2998 324 3073 utuntur,
354 2990 456 3073 quod,
484 3011 542 3074 pro
566 2991 632 3054 vita
653 2991 715 3054 nisi
736 2990 803 3054 vita
823 2990 995 3075 reddatur,
1021 3013 1078 3057 non

180 3117 276 3182 posse
305 3095 439 3161 deorum
467 3095 684 3159 inmortalium
712 3112 831 3156 numen
862 3094 984 3177 placari
1005 3094 1078 3159 arbi·
1108 3145 1110 3149 .

180 3207 311 3282 trantur,
324 3200 513 3284 publioeque
531 3198 674 3262 eiusdem
690 3197 817 3281 generis
830 3197 979 3263 instituta
993 3198 1078 3263 saeri-

147 3303 261 3367 4fioia.
304 3302 445 3366 inmania
476 3302 644 3366 simulacra
676 3300 812 3380 habent,
844 3319 983 3384 quorum
1013 3323 1079 3366 oon·

181 3411 271 3470 texta
301 3404 471 3468 viminibus
504 3404 646 3468 membra
675 3404 756 3468 vivis
785 3403 971 3470 hominibus
1002 3426 1079 3470 oom-
