2332 3892
554 819 697 895 LIBER
725 821 768 892 V.

171 1010 182 1049 1
270 989 297 1052 Ι.
328 989 365 1053 L.
388 990 543 1073 Domitio,
566 992 629 1075 Ap.
648 990 781 1055 Olaudio
806 989 989 1054 consulibus
1013 990 1116 1055 disce·

207 1092 285 1156 dens
303 1093 420 1158 Caesar
441 1095 474 1158 in
497 1095 624 1158 Italiam
646 1093 695 1173 (ut
718 1091 900 1176 quotannis)
922 1094 1040 1177 legatis
1056 1095 1115 1158 im-

205 1203 312 1279 perat,
341 1199 388 1261 uti
418 1218 511 1282 quam
541 1199 694 1282 plurimas
723 1204 856 1281 possent
885 1198 992 1261 hieme
1015 1220 1116 1263 naves

170 1320 184 1358 a
206 1299 418 1365 aedificandas
440 1308 629 1384 veteresque
652 1299 840 1364 reficiendas
857 1307 1014 1364 curarent.
1046 1323 1117 1367 mo·

206 1403 282 1466 dum
303 1404 501 1488 formamque
524 1403 566 1467 ad
595 1404 791 1467 celeritatem
822 1391 1115 1487 subductionesque

203 1508 300 1589 paulo
323 1507 399 1570 facit
416 1507 602 1570 humiliores
618 1526 712 1589 quam
729 1495 842 1588 quibus
858 1507 891 1568 in
905 1512 1016 1571 nostro
1034 1509 1116 1571 mari

203 1609 250 1673 uti
274 1609 497 1674 consuevimus
521 1606 630 1690 (atque
653 1608 687 1671 id
710 1628 749 1672 co
768 1608 880 1691 magis,
905 1608 1115 1691 quodminus

204 1733 337 1796 magnos
359 1713 472 1776 fluctus
489 1712 559 1775 fieri
576 1709 794 1795 cognoverat),
818 1711 858 1774 ad
874 1712 1115 1779 multitudinem

203 1815 480 1898 transportandam
509 1816 605 1897 paulo
634 1815 765 1879 latiores
803 1835 897 1898 quam
934 1814 1048 1899 quibus
1081 1819 1115 1882 in

169 1918 331 2001 areliquis
361 1919 509 1982 maribus.
555 1920 613 1982 has
643 1939 754 1982 omnes
783 1920 938 1982 actuarias
973 1921 1114 2006 imperat

167 2039 180 2076 4
202 2021 281 2102 fieri,
305 2041 398 2103 quam
417 2042 486 2084 rem
502 2021 636 2086 multum
651 2023 814 2086 humilitas
831 2023 928 2087 iuvat.
958 2045 1006 2105 ea,
1030 2045 1113 2108 quae

200 2125 273 2186 usui
295 2123 336 2187 ad
359 2123 527 2187 armandas
548 2145 662 2206 naves,
695 2144 737 2187 ex
758 2125 916 2208 Hispania
947 2125 1113 2210 adportari

167 2227 299 2291 siubet.
345 2228 553 2292 conventibus
577 2229 701 2292 Galliae
726 2229 882 2292 citerioris
910 2231 1048 2312 peractis
1078 2233 1112 2296 in

200 2329 364 2414 Illyricum
395 2329 623 2413 proficiscitur,
659 2330 744 2413 quod
775 2353 794 2394 a
824 2331 960 2396 Pirustis
991 2335 1113 2398 vastari

165 2431 366 2512 condiebat,
405 2433 523 2496 milites
554 2434 691 2516 imperat
710 2440 907 2517 certumque
937 2434 971 2497 in
1001 2434 1111 2499 locum

165 2557 176 2596 t
200 2535 370 2599 convenire
393 2535 491 2599 iubet.
538 2556 599 2619 qua
627 2557 662 2600 re
685 2537 830 2600 nuntiata
851 2535 998 2599 Pirustae
1021 2537 1111 2620 lega·

197 2644 249 2702 tos
271 2638 416 2701 mittunt:
450 2639 539 2719 ,nihil
570 2659 679 2702 earum
707 2659 815 2702 rerum
836 2639 965 2722 publico
988 2639 1110 2703 factum

198 2740 331 2804 oonsilio
355 2760 489 2822 seseque
512 2747 640 2822 paratos
664 2761 734 2804 esse
759 2741 905 2805 omnibus
928 2740 969 2804 de
983 2742 1110 2805 iniuriis

162 2838 401 2905 ssatisfacere.‘
448 2842 566 2906 ansar
598 2843 725 2906 obsides
754 2845 890 2926 imperat
923 2865 1043 2929 eosque
1067 2845 1109 2908 ad

198 2951 317 3008 certam
340 2944 426 3007 diem
449 2944 565 3008 adduci
588 2947 691 3010 iubet:
716 2947 786 3027 ,uisi
808 2948 853 3010 ita
867 2946 1012 3030 fecerint,
1036 2969 1106 3012 sese

162 3048 282 3111 cbello
312 3045 576 3130 persecuturum.‘
621 3050 660 3113 iis
695 3050 841 3114 adductis
876 3052 1012 3116 arbitros
1042 3053 1106 3134 dat,

197 3149 250 3231 qui
272 3151 362 3212 litem
385 3151 555 3215 aestiment
577 3172 779 3236 poenamque
803 3155 1008 3218 constituant.

160 3276 173 3315 ι
261 3251 304 3314 Il.
342 3252 403 3314 His
434 3254 586 3318 confectis
617 3256 889 3339 conventibusque
911 3259 1051 3340 peractis
1073 3259 1106 3322 in

198 3354 377 3417 citeriorem
394 3356 532 3420 Galliam
554 3359 727 3423 revertitur
750 3365 843 3441 atquc
866 3359 942 3423 inde
957 3360 999 3423 ad
1015 3381 1106 3423 exer·
