2332 3892
470 246 548 297 v111.
577 249 690 297 ιιι-44.
980 245 1044 316 229

125 420 281 487 eodemt
268 427 414 504 tempore
437 419 592 484 acerrime
616 421 779 504 proeliaut
780 442 827 483 ur.
858 440 976 502 magna
992 442 1043 484 re·
1067 442 1079 479 a

125 525 257 610 pente
248 547 282 589 m
304 525 382 609 ipsis
402 524 553 608 operibus
569 525 698 587 flamma
714 525 822 588 exstiti
824 530 1043 609 t-quaecum

127 651 190 713 que
207 629 294 694 enim
309 650 368 713 per
383 629 491 692 locum
502 629 660 712 praecipit
662 650 713 692 em
728 628 824 691 missa
839 634 939 710 erant,
956 649 1043 691 ccm-

128 733 376 819 prehendebant
398 732 562 817 fflipsum,
586 734 673 817 quod
689 733 883 798 morabatur
915 734 998 796 milit
985 740 1079 815 raes,
1020 777 1113 865 s

127 859 321 924 quamquam
344 838 526 922 periculoso
550 858 671 921 genere
690 838 805 922 proelii
828 838 991 922 locoque
983 838 1056 901 mi

129 965 193 1028 quo
209 942 448 1028 premebantur,
465 948 574 1006 tamen
592 943 699 1005 omnia
715 942 788 1005 fort
767 943 888 1006 tissime
906 949 973 1006 sust
960 926 1043 1006 tiad-

125 1049 215 1113 bant.
250 1068 303 1111 res
326 1047 411 1111 enim
435 1047 609 1131 gerebatur
633 1047 761 1111 excelso
779 1047 852 1110 loco
870 1038 907 1111 et¹
918 1047 950 1110 in
967 1069 1043 1111 con·
1067 1063 1079 1100 4

125 1158 240 1238 spectu
257 1152 418 1215 exercitus
434 1171 633 1236 magnusque
649 1151 811 1235 utrimque
828 1151 949 1214 clamor
960 1152 1043 1214 orie-

125 1257 230 1321 batur.
245 1256 290 1319 ita
299 1255 432 1340 quisque
444 1257 584 1321 maxime
594 1255 736 1338 insignis,
753 1277 815 1339 quo
826 1257 933 1319 notior
944 1262 1042 1319 testa-

126 1363 256 1445 tiorque
276 1360 376 1423 virtus
393 1365 489 1441 esset,
508 1360 580 1424 telis
596 1360 807 1443 flammaeque
824 1379 859 1422 se
877 1359 1043 1423 offerebat.

192 1462 315 1527 XLIII.
354 1463 473 1527 Cacsar
505 1484 577 1526 cum
607 1484 682 1526 suos
714 1463 876 1526 vulnerari
906 1461 1078 1544 videret,1

128 1589 181 1642 ex,
196 1567 344 1631 omnibus
366 1567 510 1651 partibus
534 1567 685 1630 cohortes
706 1573 852 1630 montem
868 1567 1042 1631 ascendere

127 1679 160 1737 et
184 1671 386 1736 simulatione
408 1671 572 1735 moenium
589 1671 849 1757 occupandorum
868 1673 1042 1735 clamorem

125 1777 269 1862 undiquc
297 1777 388 1841 iubet
410 1776 536 1839 tollere.
567 1797 630 1859 quo
654 1775 738 1839 facto
762 1776 865 1840 territi
889 1775 1044 1860 oppidani
1066 1798 1078 1836 2

125 1886 280 1946 revocant
317 1880 357 1944 ab
394 1878 609 1965 inpugnandis
648 1880 798 1963 operibus
838 1885 978 1942 armatos
1009 1880 1043 1942 in

126 1986 289 2070 murisque
322 1985 503 2070 disponunt.
554 1987 598 2048 ita
629 1985 730 2048 nostri
762 1984 911 2048 celeriter
944 2004 1077 2068 operae

125 2091 255 2153 flamma
285 2090 519 2173 comprehensa
548 2090 664 2174 partim
693 2090 896 2172 restinguunt
925 2089 1041 2173 partim

126 2192 379 2257 interscIndunt.·
424 2215 496 2257 cum
525 2194 734 2279 pertinaciter
766 2194 954 2258 resisterent
985 2213 1078 2276 (ιιι-ι

125 2298 237 2384 pidani
260 2318 378 2382 magna
401 2298 497 2362 etiam
520 2305 610 2382 parte
635 2298 761 2379 amissa,
785 2296 826 2360 ad
841 2303 1041 2380 postremum

127 2402 282 2466 cuniculis
294 2422 398 2467 venae
411 2402 508 2466 fontis
520 2403 688 2466 intercisae
702 2406 775 2465 sunt
789 2407 884 2485 atque
898 2421 1041 2464 aversae.

127 2528 190 2593 quo
214 2505 299 2571 facto
323 2513 457 2592 repente
480 2514 602 2571 tantam
623 2507 730 2570 attulit
747 2506 916 2591 oppidanis
933 2507 1043 2570 salutis
1065 2535 1077 2572 s

128 2612 470 2697 desperationem,ut
434 2611 525 2674 utid
547 2631 613 2675 non
635 2611 802 2674 hominum
826 2610 960 2674 consilio
985 2610 1044 2674 sed

127 2717 263 2783 deorum
291 2716 411 2780 factum
442 2723 500 2801 put
502 2721 609 2780 arent:
641 2715 749 2800 itaque
773 2721 844 2777 set
831 2713 1042 2778 tradiderunt.

189 2819 312 2885 XLIV.
345 2819 478 2901 Caesar,
501 2841 574 2883 cum
590 2841 681 2882 suam
696 2820 863 2883 lenitatttem
879 2820 1042 2903 cognitam
1065 2845 1074 2882 1

128 2925 277 2991 omnibus
292 2924 389 2988 sciret
402 2944 508 3010 neque
524 2929 701 3005 vereretur,
716 2922 838 3008 nequid
851 2922 1042 2986 crudelitate

127 3015 260 3095 naturae
283 3027 449 3094 videretur
472 3030 616 3114 asperius
637 3028 762 3110 fecisse,
790 3046 895 3111 neque
919 3028 1042 3090 exitum

128 3133 415 3217 animadverteret,
446 3133 473 3196 si
501 3133 558 3196 tali
587 3134 710 3197 ratione
744 3132 879 3196 diversis
909 3131 941 3194 ιιι
964 3131 1043 3194 locis

128 3237 237 3322 plures
269 3236 404 3301 consilia
434 3237 586 3319 inissent,
621 3235 772 3320 exemplo
806 3235 954 3320 supplicii
986 3234 1042 3298 de-

130 3341 298 3408 terrendos
326 3341 468 3426 reliquos
498 3341 703 3406 existimavit.
749 3340 856 3424 itaque
885 3339 1043 3421 omnibus,

132 3446 183 3530 qui
205 3467 295 3510 arma
315 3445 473 3528 tulerant,
503 3466 615 3509 manus
638 3443 812 3529 praecidit,
842 3443 941 3506 vitam
965 3462 1040 3505 con-
