2332 3892
165 252 225 314 184
512 251 574 301 v11.
604 251 715 300 oc-as.

160 424 346 489 retinendos
375 447 440 489 non
470 425 607 506 censuit,
623 411 677 488 'ne
706 423 900 487 subinferre
923 423 1057 487 iniuriam

128 545 140 585 a
161 527 323 592 videretur
346 535 400 592 aut
419 528 557 611 aliquam
573 528 797 611 suspicionem.
831 527 1058 592 discedentibus

161 629 210 693 his
233 630 374 696 breviter
389 652 446 696 sua
460 633 494 695 in
507 631 643 696 Aeduos
658 632 773 695 merita
788 631 956 715 exposuit:
979 652 1058 716 ,quos

162 738 195 796 et
217 753 312 816 quam
330 735 468 799 humiles
484 735 670 818 accepisset,
694 736 877 819 compulsos
893 737 926 800 in
944 735 1057 820 oppido,

161 837 312 901 multatos
326 839 419 922 agris,
438 837 584 902 omnibus
595 839 723 922 ereptis,
735 839 887 922 imposito
899 839 1057 923 stipendio,

127 963 140 1001 4
163 940 326 1004 obsidibus
343 962 467 1005 summa
483 962 554 1005 cum
570 941 764 1005 contumelia
779 941 934 1006 extortis:
956 948 991 1005 ut
1004 963 1057 1006 non

162 1043 265 1107 solum
287 1045 321 1108 in
343 1045 512 1128 pristinum
528 1051 646 1110 statum
660 1045 829 1128 redissent,
854 1044 913 1109 sed
930 1047 1058 1111 omnium
1100 1031 1101 1035 ¹

160 1153 342 1229 temporum
365 1146 555 1231 dignitatem
577 1155 610 1212 et
632 1149 768 1232 gratiam
790 1149 1001 1212 antecessisse
1021 1151 1059 1213 vi-

161 1245 331 1313 derentur‘.
371 1251 423 1317 his
444 1249 537 1314 dictis
561 1271 616 1315 eos
640 1250 679 1314 ab
703 1271 737 1313 se
761 1250 903 1315 dimittit.

127 1375 138 1413 1
224 1353 292 1417 LV.
324 1354 357 1418 N
359 1353 555 1418 oviodunum
571 1360 639 1418 erat
656 1353 810 1438 oppidum
824 1353 1013 1421 Aeduorum
1025 1355 1058 1419 ad

17 1531 18 1535 Ἰ
127 1480 139 1517 a
160 1457 246 1540 ripas
260 1456 386 1540 Ligeris
403 1464 584 1541 opportuno
600 1459 672 1523 loco
688 1458 840 1542 positum.
873 1459 937 1524 huc
954 1459 1058 1524 Cacsar

162 1580 271 1623 omnes
296 1559 441 1642 obsides,
471 1560 681 1644 frumentum,
706 1562 877 1644 pecuniam
899 1565 1058 1647 publicam,

125 1694 138 1733 3
159 1663 451 1747 inpedimentorum
473 1685 622 1748 magnam
642 1671 766 1748 partem
791 1666 985 1749 contuleram
1007 1669 1059 1732 huc

160 1788 312 1850 magnum
339 1788 507 1832 numerum
536 1788 691 1852 equorum
719 1768 752 1831 in
774 1767 871 1832 Italia
893 1776 990 1854 atquc
1010 1771 1060 1835 Hi·

125 1900 138 1938 s
160 1873 271 1956 spania
295 1878 478 1955 coemptum
492 1871 632 1936 miserat.
657 1892 695 1936 eo
713 1893 785 1957 eum
799 1873 967 1938 venissent
982 1873 1060 1938 etde

161 1982 244 2040 stetu
274 1976 410 2041 civitatis
434 1976 676 2060 cognovissent,
705 1975 906 2040 Litaviccum
927 1977 1061 2042 Bibracti

158 2085 336 2164 receptum,
362 2077 641 2143 Convictolitavim
663 2079 886 2163 magistratum
907 2103 1061 2167 magnem-

159 2202 220 2265 que
236 2189 360 2267 partem
376 2187 504 2244 senatus
520 2181 561 2245 ad
577 2203 650 2246 eum
667 2182 865 2266 convenisse,
886 2185 1012 2270 legatos
1026 2185 1060 2249 ad

158 2285 459 2370 Vercingetorigem
488 2283 528 2347 dc
550 2304 630 2367 pace
653 2291 685 2348 et
708 2285 848 2350 amicitia
871 2288 1062 2352 concilianda

159 2389 285 2472 publice
301 2388 425 2470 missos,
440 2407 505 2452 non
516 2387 835 2471 praetermittendum
846 2394 974 2455 tantum
986 2411 1062 2456 com·

60 2490 62 2495 ’
125 2491 290 2556 sinodum
312 2491 583 2556 existimaverunt.
616 2493 724 2576 itaque
748 2493 926 2558 interfectis
948 2496 982 2560 N
983 2496 1061 2561 ovio·

159 2595 236 2658 duni
266 2594 450 2658 custodibus
478 2596 648 2678 pecuniam
677 2603 773 2680 atque
803 2618 904 2682 equos
928 2600 1012 2664 inter
1031 2619 1061 2663 se

123 2722 135 2761 s
157 2699 265 2783 partiti
288 2706 374 2781 sunt,
399 2698 527 2764 obsides
541 2700 692 2765 Bibracte
716 2700 757 2766 ad
772 2702 998 2787 magistratum
1013 2704 1061 2769 de·

123 2825 134 2865 r
158 2801 320 2867 ducendos
340 2811 543 2886 curaverunt3
569 2805 732 2889 oppidum,
752 2807 838 2890 quod
854 2808 895 2872 ab
912 2829 948 2873 se
965 2809 1060 2874 teneri

156 2928 221 2972 non
243 2926 339 2990 posse
361 2906 553 2989 iudicabant,
579 2908 674 2972 necui
697 2915 783 2974 esset
805 2911 878 2974 usui
899 2910 1059 2994 Romanis,

122 3033 134 3072 s
156 3010 379 3090 incenderunt3
402 3009 552 3075 frumenti
575 3012 661 3095 quod
680 3012 785 3078 subito
804 3020 989 3099 potuerunt,
1010 3038 1060 3080 na·

156 3115 248 3178 vibus
271 3121 457 3197 avexerunt,
479 3115 638 3198 reliquum
659 3117 787 3181 flumine
803 3124 900 3201 atque
915 3119 1059 3197 incendio

122 3224 374 3302 scorruperunt.
405 3218 467 3301 ipsi
491 3219 599 3302 copias
624 3240 748 3302 cogere,
775 3220 939 3304 praesidia
962 3229 1060 3286 custo·

158 3321 289 3406 diasque
312 3321 353 3384 ad
374 3322 460 3405 ripas
481 3320 608 3405 Ligeris
631 3321 801 3406 disponere
825 3323 1058 3408 equitatumque

158 3424 304 3488 omnibus
326 3423 405 3488 locis
430 3431 599 3507 ostentare,
624 3425 650 3488 si
672 3426 711 3489 ab
727 3447 761 3489 re
777 3426 1058 3493 frumenterieRo·
