<?xml version="1.0" encoding="UTF-8"?>
<!DOCTYPE html PUBLIC "-//W3C//DTD XHTML 1.0 Transitional//EN"
    "http://www.w3.org/TR/xhtml1/DTD/xhtml1-transitional.dtd">
<html xmlns="http://www.w3.org/1999/xhtml" xml:lang="en" lang="en">
 <head>
  <title>
</title>
<meta http-equiv="Content-Type" content="text/html;charset=utf-8" />
  <meta name='ocr-system' content='tesseract 3.04.00' />
  <meta name='ocr-capabilities' content='ocr_page ocr_carea ocr_par ocr_line ocrx_word'/>
</head>
<body>
  <div class='ocr_page' id='page_1' title='image "./ciuliicaesarisc00gitlgoog_0083.png"; bbox 0 0 2332 3892; ppageno 0'>
   <div class='ocr_carea' id='block_1_1' title="bbox 435 240 976 308">
    <p class='ocr_par' dir='ltr' id='par_1_1' title="bbox 435 240 976 308">
     <span class='ocr_line' id='line_1_1' title="bbox 435 240 976 308; baseline 0.006 -20"><span class='ocrx_word' id='word_1_1' title='bbox 435 240 485 289; x_wconf 92' lang='lat'>111.</span> <span class='ocrx_word' id='word_1_2' title='bbox 516 241 626 290; x_wconf 76' lang='lat' dir='ltr'>rn-n.</span> <span class='ocrx_word' id='word_1_3' title='bbox 936 246 976 308; x_wconf 74' lang='lat'>69</span> 
     </span>
    </p>
   </div>
   <div class='ocr_carea' id='block_1_2' title="bbox 64 412 1011 3487">
    <p class='ocr_par' dir='ltr' id='par_1_2' title="bbox 64 412 1011 1012">
     <span class='ocr_line' id='line_1_2' title="bbox 65 412 1011 496; baseline 0.004 -22"><span class='ocrx_word' id='word_1_4' title='bbox 65 431 197 474; x_wconf 87' lang='lat' dir='ltr'>movere</span> <span class='ocrx_word' id='word_1_5' title='bbox 221 431 287 473; x_wconf 90' lang='lat' dir='ltr'>non</span> <span class='ocrx_word' id='word_1_6' title='bbox 312 417 454 494; x_wconf 82' lang='lat' dir='ltr'>possent.</span> <span class='ocrx_word' id='word_1_7' title='bbox 501 433 582 496; x_wconf 88' lang='lat' dir='ltr'>quac</span> <span class='ocrx_word' id='word_1_8' title='bbox 609 412 739 495; x_wconf 89' lang='lat' dir='ltr'>quidem</span> <span class='ocrx_word' id='word_1_9' title='bbox 769 433 820 478; x_wconf 87' lang='lat' dir='ltr'>res</span> <span class='ocrx_word' id='word_1_10' title='bbox 849 414 890 477; x_wconf 88' lang='lat' dir='ltr'>ad</span> <span class='ocrx_word' id='word_1_11' title='bbox 920 435 1011 478; x_wconf 68' lang='lat' dir='ltr'>nec</span> 
     </span>
     <span class='ocr_line' id='line_1_3' title="bbox 64 513 1011 597; baseline 0.002 -20"><span class='ocrx_word' id='word_1_12' title='bbox 64 515 189 597; x_wconf 86' lang='lat' dir='ltr'>gotium</span> <span class='ocrx_word' id='word_1_13' title='bbox 231 513 466 577; x_wconf 90' lang='lat' dir='ltr'>conficiendum</span> <span class='ocrx_word' id='word_1_14' title='bbox 506 516 646 578; x_wconf 89' lang='lat' dir='ltr'>maxima</span> <span class='ocrx_word' id='word_1_15' title='bbox 683 514 760 596; x_wconf 59' lang='lat' dir='ltr'>suin</span> <span class='ocrx_word' id='word_1_16' title='bbox 801 537 874 578; x_wconf 90' lang='lat' dir='ltr'>nam</span> <span class='ocrx_word' id='word_1_17' title='bbox 912 517 1011 586; x_wconf 70' lang='lat' dir='ltr'>sin-5</span> 
     </span>
     <span class='ocr_line' id='line_1_4' title="bbox 64 618 976 703; baseline 0.003 -22"><span class='ocrx_word' id='word_1_18' title='bbox 64 618 157 702; x_wconf 85' lang='lat' dir='ltr'>gulas</span> <span class='ocrx_word' id='word_1_19' title='bbox 195 619 371 682; x_wconf 88' lang='lat' dir='ltr'>consectati</span> <span class='ocrx_word' id='word_1_20' title='bbox 403 626 689 702; x_wconf 85' lang='lat' dir='ltr'>expugnaverunt,</span> <span class='ocrx_word' id='word_1_21' title='bbox 728 623 764 681; x_wconf 89' lang='lat' dir='ltr'>ut</span> <span class='ocrx_word' id='word_1_22' title='bbox 796 638 976 703; x_wconf 77' lang='lat' dir='ltr'>perpaucae</span> 
     </span>
     <span class='ocr_line' id='line_1_5' title="bbox 64 720 977 804; baseline 0.003 -21"><span class='ocrx_word' id='word_1_23' title='bbox 64 721 169 784; x_wconf 89' lang='lat' dir='ltr'>noctis</span> <span class='ocrx_word' id='word_1_24' title='bbox 200 721 385 784; x_wconf 89' lang='lat' dir='ltr'>interventu</span> <span class='ocrx_word' id='word_1_25' title='bbox 415 720 456 784; x_wconf 90' lang='lat' dir='ltr'>ad</span> <span class='ocrx_word' id='word_1_26' title='bbox 490 727 609 784; x_wconf 88' lang='lat' dir='ltr'>terram</span> <span class='ocrx_word' id='word_1_27' title='bbox 643 721 870 804; x_wconf 88' lang='lat' dir='ltr'>pervenerint,</span> <span class='ocrx_word' id='word_1_28' title='bbox 905 742 977 786; x_wconf 91' lang='lat' dir='ltr'>cum</span> 
     </span>
     <span class='ocr_line' id='line_1_6' title="bbox 64 822 977 907; baseline 0.003 -21"><span class='ocrx_word' id='word_1_29' title='bbox 64 824 104 888; x_wconf 86' lang='lat' dir='ltr'>ab</span> <span class='ocrx_word' id='word_1_30' title='bbox 137 823 220 886; x_wconf 90' lang='lat' dir='ltr'>hora</span> <span class='ocrx_word' id='word_1_31' title='bbox 253 823 320 907; x_wconf 81' lang='lat' dir='ltr'>fere</span> <span class='ocrx_word' id='word_1_32' title='bbox 358 828 470 907; x_wconf 88' lang='lat' dir='ltr'>quarta</span> <span class='ocrx_word' id='word_1_33' title='bbox 505 843 605 905; x_wconf 87' lang='lat' dir='ltr'>usque</span> <span class='ocrx_word' id='word_1_34' title='bbox 645 822 686 886; x_wconf 88' lang='lat' dir='ltr'>ad</span> <span class='ocrx_word' id='word_1_35' title='bbox 718 824 794 888; x_wconf 89' lang='lat' dir='ltr'>solis</span> <span class='ocrx_word' id='word_1_36' title='bbox 829 845 977 890; x_wconf 90' lang='lat' dir='ltr'>occasum</span> 
     </span>
     <span class='ocr_line' id='line_1_7' title="bbox 64 933 274 1012; baseline -0.005 -22"><span class='ocrx_word' id='word_1_37' title='bbox 64 933 274 1012; x_wconf 81' lang='lat' dir='ltr'>pugnaretur.</span> 
     </span>
    </p>

    <p class='ocr_par' dir='ltr' id='par_1_3' title="bbox 65 1030 1010 2044">
     <span class='ocr_line' id='line_1_8' title="bbox 129 1030 1010 1114; baseline 0.006 -21"><span class='ocrx_word' id='word_1_38' title='bbox 129 1030 223 1094; x_wconf 87' lang='lat' dir='ltr'>XVI.</span> <span class='ocrx_word' id='word_1_39' title='bbox 273 1030 343 1104; x_wconf 84' lang='lat' dir='ltr'>Quo</span> <span class='ocrx_word' id='word_1_40' title='bbox 378 1030 502 1114; x_wconf 91' lang='lat' dir='ltr'>proelio</span> <span class='ocrx_word' id='word_1_41' title='bbox 537 1030 658 1093; x_wconf 88' lang='lat' dir='ltr'>bellum</span> <span class='ocrx_word' id='word_1_42' title='bbox 697 1030 879 1095; x_wconf 87' lang='lat' dir='ltr'>confectum</span> <span class='ocrx_word' id='word_1_43' title='bbox 917 1038 1010 1098; x_wconf 84' lang='lat' dir='ltr'>estr</span> 
     </span>
     <span class='ocr_line' id='line_1_9' title="bbox 65 1134 1010 1218; baseline 0.005 -20"><span class='ocrx_word' id='word_1_44' title='bbox 65 1156 139 1198; x_wconf 91' lang='lat' dir='ltr'>nam</span> <span class='ocrx_word' id='word_1_45' title='bbox 163 1155 235 1197; x_wconf 91' lang='lat' dir='ltr'>cum</span> <span class='ocrx_word' id='word_1_46' title='bbox 254 1134 355 1196; x_wconf 89' lang='lat' dir='ltr'>omnis</span> <span class='ocrx_word' id='word_1_47' title='bbox 378 1135 537 1213; x_wconf 86' lang='lat' dir='ltr'>iuventus,</span> <span class='ocrx_word' id='word_1_48' title='bbox 562 1153 673 1196; x_wconf 92' lang='lat' dir='ltr'>omncs</span> <span class='ocrx_word' id='word_1_49' title='bbox 698 1135 794 1197; x_wconf 86' lang='lat' dir='ltr'>etiam</span> <span class='ocrx_word' id='word_1_50' title='bbox 810 1137 975 1218; x_wconf 86' lang='lat' dir='ltr'>graviores</span> <span class='ocrx_word' id='word_1_51' title='bbox 997 1162 1010 1202; x_wconf 83' lang='lat' dir='ltr'>a</span> 
     </span>
     <span class='ocr_line' id='line_1_10' title="bbox 66 1237 977 1322; baseline 0.002 -20"><span class='ocrx_word' id='word_1_52' title='bbox 66 1259 105 1302; x_wconf 88' lang='lat' dir='ltr'>eo</span> <span class='ocrx_word' id='word_1_53' title='bbox 130 1245 359 1319; x_wconf 87' lang='lat' dir='ltr'>convenerant,</span> <span class='ocrx_word' id='word_1_54' title='bbox 383 1243 450 1300; x_wconf 84' lang='lat' dir='ltr'>tum</span> <span class='ocrx_word' id='word_1_55' title='bbox 474 1237 603 1300; x_wconf 90' lang='lat' dir='ltr'>navium</span> <span class='ocrx_word' id='word_1_56' title='bbox 622 1237 709 1320; x_wconf 93' lang='lat' dir='ltr'>quod</span> <span class='ocrx_word' id='word_1_57' title='bbox 732 1239 849 1322; x_wconf 89' lang='lat' dir='ltr'>ubique</span> <span class='ocrx_word' id='word_1_58' title='bbox 872 1241 977 1305; x_wconf 87' lang='lat' dir='ltr'>fuerat</span> 
     </span>
     <span class='ocr_line' id='line_1_11' title="bbox 66 1341 1009 1428; baseline 0.003 -23"><span class='ocrx_word' id='word_1_59' title='bbox 66 1348 256 1424; x_wconf 83' lang='lat' dir='ltr'>coegerant3</span> <span class='ocrx_word' id='word_1_60' title='bbox 289 1342 401 1424; x_wconf 87' lang='lat' dir='ltr'>quibus</span> <span class='ocrx_word' id='word_1_61' title='bbox 432 1341 555 1404; x_wconf 90' lang='lat' dir='ltr'>amissis</span> <span class='ocrx_word' id='word_1_62' title='bbox 586 1342 700 1424; x_wconf 86' lang='lat' dir='ltr'>reliqui</span> <span class='ocrx_word' id='word_1_63' title='bbox 722 1363 827 1426; x_wconf 89' lang='lat' dir='ltr'>neque</span> <span class='ocrx_word' id='word_1_64' title='bbox 852 1365 915 1428; x_wconf 92' lang='lat' dir='ltr'>quo</span> <span class='ocrx_word' id='word_1_65' title='bbox 940 1365 1009 1408; x_wconf 87' lang='lat' dir='ltr'>sea</span> 
     </span>
     <span class='ocr_line' id='line_1_12' title="bbox 65 1444 974 1529; baseline 0.007 -24"><span class='ocrx_word' id='word_1_66' title='bbox 65 1445 248 1529; x_wconf 79' lang='lat' dir='ltr'>reciperent</span> <span class='ocrx_word' id='word_1_67' title='bbox 258 1465 363 1528; x_wconf 90' lang='lat' dir='ltr'>neque</span> <span class='ocrx_word' id='word_1_68' title='bbox 376 1466 471 1528; x_wconf 91' lang='lat' dir='ltr'>quem</span> <span class='ocrx_word' id='word_1_69' title='bbox 482 1444 523 1508; x_wconf 86' lang='lat' dir='ltr'>ad</span> <span class='ocrx_word' id='word_1_70' title='bbox 536 1445 669 1508; x_wconf 91' lang='lat' dir='ltr'>modum</span> <span class='ocrx_word' id='word_1_71' title='bbox 686 1446 801 1529; x_wconf 87' lang='lat' dir='ltr'>oppida</span> <span class='ocrx_word' id='word_1_72' title='bbox 821 1445 974 1512; x_wconf 89' lang='lat' dir='ltr'>defende-</span> 
     </span>
     <span class='ocr_line' id='line_1_13' title="bbox 65 1533 975 1630; baseline 0.003 -20"><span class='ocrx_word' id='word_1_73' title='bbox 65 1554 134 1612; x_wconf 89' lang='lat' dir='ltr'>rent</span> <span class='ocrx_word' id='word_1_74' title='bbox 165 1547 336 1611; x_wconf 89' lang='lat' dir='ltr'>habebant.</span> <span class='ocrx_word' id='word_1_75' title='bbox 377 1533 489 1630; x_wconf 74' lang='lat' dir='ltr'>&#39;itaque</span> <span class='ocrx_word' id='word_1_76' title='bbox 518 1568 575 1610; x_wconf 89' lang='lat' dir='ltr'>sua</span> <span class='ocrx_word' id='word_1_77' title='bbox 598 1548 705 1612; x_wconf 91' lang='lat' dir='ltr'>omnia</span> <span class='ocrx_word' id='word_1_78' title='bbox 730 1548 860 1612; x_wconf 82' lang='lat' dir='ltr'>Caesari</span> <span class='ocrx_word' id='word_1_79' title='bbox 884 1549 975 1613; x_wconf 91' lang='lat' dir='ltr'>dedi·</span> 
     </span>
     <span class='ocr_line' id='line_1_14' title="bbox 67 1650 1009 1734; baseline 0.004 -20"><span class='ocrx_word' id='word_1_80' title='bbox 67 1650 191 1714; x_wconf 89' lang='lat' dir='ltr'>derunt.</span> <span class='ocrx_word' id='word_1_81' title='bbox 232 1651 263 1713; x_wconf 93' lang='lat' dir='ltr'>in</span> <span class='ocrx_word' id='word_1_82' title='bbox 288 1671 367 1734; x_wconf 93' lang='lat' dir='ltr'>quos</span> <span class='ocrx_word' id='word_1_83' title='bbox 390 1671 429 1713; x_wconf 89' lang='lat' dir='ltr'>eo</span> <span class='ocrx_word' id='word_1_84' title='bbox 454 1651 582 1733; x_wconf 85' lang='lat' dir='ltr'>gravius</span> <span class='ocrx_word' id='word_1_85' title='bbox 608 1650 725 1714; x_wconf 82' lang='lat' dir='ltr'>Caesar</span> <span class='ocrx_word' id='word_1_86' title='bbox 748 1651 975 1715; x_wconf 90' lang='lat' dir='ltr'>vindicandum</span> <span class='ocrx_word' id='word_1_87' title='bbox 995 1681 1009 1720; x_wconf 70' lang='lat'>4</span> 
     </span>
     <span class='ocr_line' id='line_1_15' title="bbox 66 1754 974 1839; baseline 0.002 -22"><span class='ocrx_word' id='word_1_88' title='bbox 66 1756 183 1836; x_wconf 84' lang='lat' dir='ltr'>statuit,</span> <span class='ocrx_word' id='word_1_89' title='bbox 207 1775 274 1839; x_wconf 88' lang='lat' dir='ltr'>quo</span> <span class='ocrx_word' id='word_1_90' title='bbox 296 1754 479 1838; x_wconf 81' lang='lat' dir='ltr'>diligentius</span> <span class='ocrx_word' id='word_1_91' title='bbox 497 1755 530 1816; x_wconf 93' lang='lat' dir='ltr'>in</span> <span class='ocrx_word' id='word_1_92' title='bbox 545 1754 704 1836; x_wconf 90' lang='lat' dir='ltr'>reliquum</span> <span class='ocrx_word' id='word_1_93' title='bbox 726 1761 852 1837; x_wconf 90' lang='lat' dir='ltr'>tempus</span> <span class='ocrx_word' id='word_1_94' title='bbox 868 1776 887 1818; x_wconf 92' lang='lat' dir='ltr'>a</span> <span class='ocrx_word' id='word_1_95' title='bbox 902 1756 974 1819; x_wconf 89' lang='lat' dir='ltr'>bar·</span> 
     </span>
     <span class='ocr_line' id='line_1_16' title="bbox 67 1857 974 1941; baseline 0.001 -20"><span class='ocrx_word' id='word_1_96' title='bbox 67 1857 147 1922; x_wconf 82' lang='lat' dir='ltr'>beris</span> <span class='ocrx_word' id='word_1_97' title='bbox 170 1859 221 1921; x_wconf 93' lang='lat' dir='ltr'>ius</span> <span class='ocrx_word' id='word_1_98' title='bbox 251 1858 433 1940; x_wconf 89' lang='lat' dir='ltr'>legatorum</span> <span class='ocrx_word' id='word_1_99' title='bbox 457 1863 710 1920; x_wconf 81' lang='lat' dir='ltr'>conservaretur.</span> <span class='ocrx_word' id='word_1_100' title='bbox 755 1859 862 1941; x_wconf 89' lang='lat' dir='ltr'>itaque</span> <span class='ocrx_word' id='word_1_101' title='bbox 888 1861 974 1922; x_wconf 92' lang='lat' dir='ltr'>omni</span> 
     </span>
     <span class='ocr_line' id='line_1_17' title="bbox 66 1959 881 2044; baseline -0.001 -20"><span class='ocrx_word' id='word_1_102' title='bbox 66 1967 177 2026; x_wconf 88' lang='lat' dir='ltr'>senatu</span> <span class='ocrx_word' id='word_1_103' title='bbox 200 1968 314 2025; x_wconf 90' lang='lat' dir='ltr'>necato</span> <span class='ocrx_word' id='word_1_104' title='bbox 338 1962 479 2044; x_wconf 91' lang='lat' dir='ltr'>reliquos</span> <span class='ocrx_word' id='word_1_105' title='bbox 503 1959 561 2024; x_wconf 91' lang='lat' dir='ltr'>sub</span> <span class='ocrx_word' id='word_1_106' title='bbox 585 1979 703 2021; x_wconf 90' lang='lat' dir='ltr'>corona</span> <span class='ocrx_word' id='word_1_107' title='bbox 725 1959 881 2023; x_wconf 89' lang='lat' dir='ltr'>vendidit.</span> 
     </span>
    </p>

    <p class='ocr_par' dir='ltr' id='par_1_4' title="bbox 64 2061 1007 3487">
     <span class='ocr_line' id='line_1_18' title="bbox 125 2061 1007 2145; baseline 0.002 -17"><span class='ocrx_word' id='word_1_108' title='bbox 125 2064 237 2128; x_wconf 88' lang='lat' dir='ltr'>XVII.</span> <span class='ocrx_word' id='word_1_109' title='bbox 266 2064 353 2127; x_wconf 90' lang='lat' dir='ltr'>Dum</span> <span class='ocrx_word' id='word_1_110' title='bbox 376 2065 456 2127; x_wconf 86' lang='lat' dir='ltr'>haec</span> <span class='ocrx_word' id='word_1_111' title='bbox 472 2064 504 2125; x_wconf 93' lang='lat' dir='ltr'>in</span> <span class='ocrx_word' id='word_1_112' title='bbox 519 2063 654 2126; x_wconf 89' lang='lat' dir='ltr'>Venetis</span> <span class='ocrx_word' id='word_1_113' title='bbox 677 2069 840 2145; x_wconf 84' lang='lat' dir='ltr'>geruntur,</span> <span class='ocrx_word' id='word_1_114' title='bbox 865 2061 903 2136; x_wconf 79' lang='lat' dir='ltr'>Q.</span> <span class='ocrx_word' id='word_1_115' title='bbox 920 2064 972 2127; x_wconf 88' lang='lat' dir='ltr'>Ti·</span> <span class='ocrx_word' id='word_1_116' title='bbox 996 2092 1007 2131; x_wconf 91' lang='lat'>1</span> 
     </span>
     <span class='ocr_line' id='line_1_19' title="bbox 65 2167 972 2250; baseline 0.001 -18"><span class='ocrx_word' id='word_1_117' title='bbox 65 2170 163 2232; x_wconf 90' lang='lat' dir='ltr'>turius</span> <span class='ocrx_word' id='word_1_118' title='bbox 195 2168 331 2232; x_wconf 81' lang='lat' dir='ltr'>Sabinus</span> <span class='ocrx_word' id='word_1_119' title='bbox 362 2189 434 2232; x_wconf 90' lang='lat' dir='ltr'>oum</span> <span class='ocrx_word' id='word_1_120' title='bbox 466 2167 505 2230; x_wconf 90' lang='lat' dir='ltr'>iis</span> <span class='ocrx_word' id='word_1_121' title='bbox 534 2167 650 2250; x_wconf 84' lang='lat' dir='ltr'>copiis,</span> <span class='ocrx_word' id='word_1_122' title='bbox 683 2188 761 2250; x_wconf 91' lang='lat' dir='ltr'>quas</span> <span class='ocrx_word' id='word_1_123' title='bbox 792 2168 972 2234; x_wconf 84' lang='lat' dir='ltr'>aansare</span> 
     </span>
     <span class='ocr_line' id='line_1_20' title="bbox 66 2270 1007 2357; baseline 0.002 -21"><span class='ocrx_word' id='word_1_124' title='bbox 66 2279 241 2357; x_wconf 85' lang='lat' dir='ltr'>acceperet,</span> <span class='ocrx_word' id='word_1_125' title='bbox 258 2273 291 2334; x_wconf 96' lang='lat' dir='ltr'>in</span> <span class='ocrx_word' id='word_1_126' title='bbox 305 2273 384 2334; x_wconf 88' lang='lat' dir='ltr'>fines</span> <span class='ocrx_word' id='word_1_127' title='bbox 399 2270 612 2335; x_wconf 87' lang='lat' dir='ltr'>Venellorum</span> <span class='ocrx_word' id='word_1_128' title='bbox 628 2272 785 2354; x_wconf 87' lang='lat' dir='ltr'>pervenit.</span> <span class='ocrx_word' id='word_1_129' title='bbox 815 2270 863 2332; x_wconf 88' lang='lat' dir='ltr'>his</span> <span class='ocrx_word' id='word_1_130' title='bbox 879 2292 971 2354; x_wconf 86' lang='lat' dir='ltr'>prae·</span> <span class='ocrx_word' id='word_1_131' title='bbox 996 2300 1007 2338; x_wconf 80' lang='lat' dir='ltr'>r</span> 
     </span>
     <span class='ocr_line' id='line_1_21' title="bbox 66 2361 973 2440; baseline -0.001 -1"><span class='ocrx_word' id='word_1_132' title='bbox 66 2383 130 2440; x_wconf 87' lang='lat' dir='ltr'>erat</span> <span class='ocrx_word' id='word_1_133' title='bbox 145 2361 319 2439; x_wconf 81' lang='lat' dir='ltr'>Viridovix</span> <span class='ocrx_word' id='word_1_134' title='bbox 335 2396 371 2439; x_wconf 91' lang='lat' dir='ltr'>ac</span> <span class='ocrx_word' id='word_1_135' title='bbox 388 2396 544 2438; x_wconf 91' lang='lat' dir='ltr'>summam</span> <span class='ocrx_word' id='word_1_136' title='bbox 559 2374 689 2439; x_wconf 88' lang='lat' dir='ltr'>tenebat</span> <span class='ocrx_word' id='word_1_137' title='bbox 705 2395 815 2438; x_wconf 89' lang='lat' dir='ltr'>earum</span> <span class='ocrx_word' id='word_1_138' title='bbox 831 2376 973 2438; x_wconf 91' lang='lat' dir='ltr'>omnium</span> 
     </span>
     <span class='ocr_line' id='line_1_22' title="bbox 66 2477 973 2563; baseline -0.001 -21"><span class='ocrx_word' id='word_1_139' title='bbox 66 2481 242 2560; x_wconf 87' lang='lat' dir='ltr'>clvitatum,</span> <span class='ocrx_word' id='word_1_140' title='bbox 275 2500 357 2563; x_wconf 85' lang='lat' dir='ltr'>quae</span> <span class='ocrx_word' id='word_1_141' title='bbox 390 2478 591 2559; x_wconf 86' lang='lat' dir='ltr'>defecerant,</span> <span class='ocrx_word' id='word_1_142' title='bbox 625 2499 667 2542; x_wconf 89' lang='lat' dir='ltr'>ex</span> <span class='ocrx_word' id='word_1_143' title='bbox 699 2477 812 2561; x_wconf 87' lang='lat' dir='ltr'>quibus</span> <span class='ocrx_word' id='word_1_144' title='bbox 841 2498 973 2561; x_wconf 85' lang='lat' dir='ltr'>magnas</span> 
     </span>
     <span class='ocr_line' id='line_1_23' title="bbox 66 2580 1006 2668; baseline 0 -22"><span class='ocrx_word' id='word_1_145' title='bbox 66 2584 170 2668; x_wconf 91' lang='lat' dir='ltr'>copias</span> <span class='ocrx_word' id='word_1_146' title='bbox 192 2588 359 2666; x_wconf 83' lang='lat' dir='ltr'>coegerat3</span> <span class='ocrx_word' id='word_1_147' title='bbox 384 2588 480 2667; x_wconf 88' lang='lat' dir='ltr'>atque</span> <span class='ocrx_word' id='word_1_148' title='bbox 504 2582 552 2645; x_wconf 94' lang='lat' dir='ltr'>his</span> <span class='ocrx_word' id='word_1_149' title='bbox 575 2582 684 2665; x_wconf 90' lang='lat' dir='ltr'>paucis</span> <span class='ocrx_word' id='word_1_150' title='bbox 702 2580 814 2644; x_wconf 88' lang='lat' dir='ltr'>diebus</span> <span class='ocrx_word' id='word_1_151' title='bbox 829 2580 971 2664; x_wconf 88' lang='lat' dir='ltr'>Aulerci,</span> <span class='ocrx_word' id='word_1_152' title='bbox 995 2609 1006 2646; x_wconf 87' lang='lat' dir='ltr'>a</span> 
     </span>
     <span class='ocr_line' id='line_1_24' title="bbox 65 2686 972 2770; baseline 0 -21"><span class='ocrx_word' id='word_1_153' title='bbox 65 2686 261 2751; x_wconf 86' lang='lat' dir='ltr'>Eburovices</span> <span class='ocrx_word' id='word_1_154' title='bbox 272 2686 473 2770; x_wconf 82' lang='lat' dir='ltr'>Lexouiique</span> <span class='ocrx_word' id='word_1_155' title='bbox 488 2693 601 2750; x_wconf 89' lang='lat' dir='ltr'>senatu</span> <span class='ocrx_word' id='word_1_156' title='bbox 617 2706 674 2749; x_wconf 92' lang='lat' dir='ltr'>suo</span> <span class='ocrx_word' id='word_1_157' title='bbox 691 2686 869 2766; x_wconf 86' lang='lat' dir='ltr'>interfecto,</span> <span class='ocrx_word' id='word_1_158' title='bbox 885 2686 972 2767; x_wconf 94' lang='lat' dir='ltr'>quod</span> 
     </span>
     <span class='ocr_line' id='line_1_25' title="bbox 65 2789 973 2873; baseline -0.001 -20"><span class='ocrx_word' id='word_1_159' title='bbox 65 2797 209 2855; x_wconf 87' lang='lat' dir='ltr'>auctores</span> <span class='ocrx_word' id='word_1_160' title='bbox 241 2789 318 2853; x_wconf 92' lang='lat' dir='ltr'>belli</span> <span class='ocrx_word' id='word_1_161' title='bbox 347 2811 417 2854; x_wconf 88' lang='lat' dir='ltr'>esse</span> <span class='ocrx_word' id='word_1_162' title='bbox 447 2789 618 2870; x_wconf 86' lang='lat' dir='ltr'>nolebant,</span> <span class='ocrx_word' id='word_1_163' title='bbox 650 2796 761 2873; x_wconf 88' lang='lat' dir='ltr'>portas</span> <span class='ocrx_word' id='word_1_164' title='bbox 794 2790 973 2852; x_wconf 87' lang='lat' dir='ltr'>clauserant</span> 
     </span>
     <span class='ocr_line' id='line_1_26' title="bbox 65 2868 1007 2977; baseline 0.002 -23"><span class='ocrx_word' id='word_1_165' title='bbox 65 2913 197 2977; x_wconf 88' lang='lat' dir='ltr'>seseque</span> <span class='ocrx_word' id='word_1_166' title='bbox 222 2913 295 2955; x_wconf 91' lang='lat' dir='ltr'>cum</span> <span class='ocrx_word' id='word_1_167' title='bbox 310 2891 495 2956; x_wconf 88' lang='lat' dir='ltr'>Viridovice</span> <span class='ocrx_word' id='word_1_168' title='bbox 518 2868 767 2971; x_wconf 68' lang='lat' dir='ltr'>coniunxerant3</span> <span class='ocrx_word' id='word_1_169' title='bbox 792 2890 971 2975; x_wconf 81' lang='lat' dir='ltr'>magnaqlre</span> <span class='ocrx_word' id='word_1_170' title='bbox 995 2917 1007 2955; x_wconf 80' lang='lat'>4</span> 
     </span>
     <span class='ocr_line' id='line_1_27' title="bbox 64 2995 973 3080; baseline 0 -22"><span class='ocrx_word' id='word_1_171' title='bbox 64 3003 231 3078; x_wconf 88' lang='lat' dir='ltr'>praeterea</span> <span class='ocrx_word' id='word_1_172' title='bbox 246 2996 417 3059; x_wconf 90' lang='lat' dir='ltr'>multitudo</span> <span class='ocrx_word' id='word_1_173' title='bbox 436 2995 576 3080; x_wconf 92' lang='lat' dir='ltr'>undique</span> <span class='ocrx_word' id='word_1_174' title='bbox 592 2996 792 3080; x_wconf 90' lang='lat' dir='ltr'>perditorum</span> <span class='ocrx_word' id='word_1_175' title='bbox 805 2997 973 3059; x_wconf 93' lang='lat' dir='ltr'>hominum</span> 
     </span>
     <span class='ocr_line' id='line_1_28' title="bbox 64 3097 972 3193; baseline 0.001 -32"><span class='ocrx_word' id='word_1_176' title='bbox 64 3097 286 3181; x_wconf 86' lang='lat' dir='ltr'>latronumque</span> <span class='ocrx_word' id='word_1_177' title='bbox 322 3104 532 3180; x_wconf 85' lang='lat' dir='ltr'>convenerat,</span> <span class='ocrx_word' id='word_1_178' title='bbox 570 3120 650 3182; x_wconf 92' lang='lat' dir='ltr'>quos</span> <span class='ocrx_word' id='word_1_179' title='bbox 684 3119 757 3193; x_wconf 90' lang='lat' dir='ltr'>spes</span> <span class='ocrx_word' id='word_1_180' title='bbox 794 3098 972 3182; x_wconf 89' lang='lat' dir='ltr'>praedandi</span> 
     </span>
     <span class='ocr_line' id='line_1_29' title="bbox 65 3199 970 3285; baseline 0.001 -21"><span class='ocrx_word' id='word_1_181' title='bbox 65 3202 266 3285; x_wconf 89' lang='lat' dir='ltr'>studiumque</span> <span class='ocrx_word' id='word_1_182' title='bbox 290 3201 432 3266; x_wconf 90' lang='lat' dir='ltr'>bellandi</span> <span class='ocrx_word' id='word_1_183' title='bbox 455 3202 493 3265; x_wconf 90' lang='lat' dir='ltr'>ab</span> <span class='ocrx_word' id='word_1_184' title='bbox 511 3202 719 3284; x_wconf 85' lang='lat' dir='ltr'>agricultura</span> <span class='ocrx_word' id='word_1_185' title='bbox 742 3207 774 3264; x_wconf 90' lang='lat' dir='ltr'>et</span> <span class='ocrx_word' id='word_1_186' title='bbox 795 3199 970 3265; x_wconf 88' lang='lat' dir='ltr'>cottidiano</span> 
     </span>
     <span class='ocr_line' id='line_1_30' title="bbox 65 3303 1006 3377; baseline 0.003 -11"><span class='ocrx_word' id='word_1_187' title='bbox 65 3303 170 3368; x_wconf 90' lang='lat' dir='ltr'>labore</span> <span class='ocrx_word' id='word_1_188' title='bbox 203 3304 385 3368; x_wconf 89' lang='lat' dir='ltr'>revocabat.</span> <span class='ocrx_word' id='word_1_189' title='bbox 438 3305 573 3368; x_wconf 79' lang='lat' dir='ltr'>Sabinus</span> <span class='ocrx_word' id='word_1_190' title='bbox 605 3305 723 3368; x_wconf 90' lang='lat' dir='ltr'>idoneo</span> <span class='ocrx_word' id='word_1_191' title='bbox 755 3305 827 3368; x_wconf 92' lang='lat' dir='ltr'>loco</span> <span class='ocrx_word' id='word_1_192' title='bbox 862 3306 1006 3377; x_wconf 64' lang='lat' dir='ltr'>castrias</span> 
     </span>
     <span class='ocr_line' id='line_1_31' title="bbox 66 3405 973 3487; baseline 0.002 -19"><span class='ocrx_word' id='word_1_193' title='bbox 66 3427 130 3472; x_wconf 88' lang='lat' dir='ltr'>sese</span> <span class='ocrx_word' id='word_1_194' title='bbox 153 3405 303 3487; x_wconf 85' lang='lat' dir='ltr'>tenebat,</span> <span class='ocrx_word' id='word_1_195' title='bbox 333 3426 405 3470; x_wconf 91' lang='lat' dir='ltr'>cum</span> <span class='ocrx_word' id='word_1_196' title='bbox 427 3406 599 3469; x_wconf 86' lang='lat' dir='ltr'>Viridovix</span> <span class='ocrx_word' id='word_1_197' title='bbox 629 3413 740 3470; x_wconf 88' lang='lat' dir='ltr'>eontra</span> <span class='ocrx_word' id='word_1_198' title='bbox 769 3427 844 3470; x_wconf 91' lang='lat' dir='ltr'>eum</span> <span class='ocrx_word' id='word_1_199' title='bbox 875 3407 973 3470; x_wconf 92' lang='lat' dir='ltr'>duum</span> 
     </span>
    </p>
   </div>
   <div class='ocr_carea' id='block_1_3' title="bbox 0 0 1170 3892">
    <p class='ocr_par' dir='ltr' id='par_1_5' title="bbox 0 0 1170 3892">
     <span class='ocr_line' id='line_1_32' title="bbox 0 0 1170 3892; baseline 0 0"><span class='ocrx_word' id='word_1_200' title='bbox 0 0 1170 3892; x_wconf 95' lang='lat' dir='ltr'> </span> 
     </span>
    </p>
   </div>
  </div>
 </body>
</html>
