2332 3892
119 304 126 312 N
162 237 222 300 185
513 234 576 284 vu.
605 234 715 284 cr-so.

157 430 234 493 pere
263 407 438 492 inpediret,
469 408 521 470 hic
551 405 695 470 consedit
717 411 910 490 nostrosque
933 409 1051 472 tranatu

157 513 328 595 prohibere
351 511 498 575 instituit.

124 641 133 678 1
221 616 342 681 LVIII.
374 614 534 681 Labienus
549 615 653 700 primo
669 614 780 680 vineas
796 635 904 698 agere,
929 616 1052 679 cratibus

152 728 252 803 >atque
275 740 394 804 aggere
415 719 567 803 paludem
591 719 723 802 explere
746 722 842 799 atque
865 718 928 781 iter
943 719 1053 781 munire

122 847 135 884 ε
157 825 339 889 conabatur.
362 830 533 908 postquam
553 821 587 885 id
604 821 763 884 difficilius
779 819 911 883 confieri
927 821 1054 884 animum

156 929 309 1009 advertit,
340 927 466 989 silentio
492 946 509 988 e
534 925 644 990 castris
667 924 763 988 tertia
785 923 897 1008 vigilia
920 945 1054 1009 egressus

88 1046 90 1052 “
157 1031 272 1095 eodem
295 1051 357 1117 quo
382 1035 514 1093 venerat
536 1028 651 1091 itinere
669 1027 887 1091 Metiosedum
909 1029 1054 1112 pervenit,

122 1164 134 1202 a
158 1135 312 1219 oppidum
327 1134 490 1198 Senonum
512 1133 546 1196 in
569 1131 716 1215 Sequana
737 1131 888 1215 positum,
912 1138 949 1195 ut
970 1134 1054 1216 paulo

121 1268 133 1303 4
156 1245 229 1301 ante
259 1237 300 1301 de
323 1237 452 1301 Lutetia
482 1236 631 1300 diximus.
663 1235 830 1319 deprensis
857 1236 992 1301 navibus
1014 1257 1055 1301 ce·

155 1341 327 1423 lcriterque
361 1339 537 1405 coniunctis
568 1345 664 1422 atque
695 1340 743 1403 rei
771 1339 916 1405 novitate
945 1348 1055 1424 perter-

155 1445 224 1507 ritis
248 1442 426 1527 oppidanis,
449 1463 586 1527 quorum
601 1464 719 1527 magna
732 1463 807 1526 pars
830 1450 899 1507 crat
923 1453 1054 1526 evocata

121 1547 223 1616 asine
255 1545 458 1611 contentione
489 1545 608 1630 oppido
638 1547 768 1629 potitur.
806 1547 929 1611 refecto
956 1555 1054 1632 ponte,

155 1670 251 1732 quem
266 1647 484 1733 superioribus
501 1648 614 1712 diebus
625 1649 735 1713 hostes
747 1649 955 1733 recciderant,
972 1671 1054 1716 exer·

155 1753 253 1816 citum
281 1751 419 1815 traducit
448 1757 482 1816 et
511 1752 652 1816 secundo
680 1753 810 1817 flumine
840 1753 882 1818 ad
904 1754 1055 1819 Lutetiam

121 1892 133 1930 0
154 1856 216 1920 iter
237 1855 342 1919 facere
366 1853 483 1939 coepit.
520 1855 631 1919 hostes
653 1876 688 1919 re
712 1856 840 1940 cognita
861 1857 902 1921 ab
926 1859 982 1941 iis,
1010 1859 1056 1943 qui

154 1959 335 2024 Metiosedo
363 1958 526 2042 fugerant,
556 1957 718 2022 Lutetiam
739 1958 930 2041 incendunt3
961 1962 1056 2045 ipsis

154 2066 287 2149 regione
310 2062 446 2127 Labieni
471 2061 651 2126 considunt.

121 2201 132 2239 1
219 2166 307 2229 LIX.
339 2164 410 2229 Iam
433 2164 474 2228 de
497 2163 639 2228 secundo
662 2164 786 2229 Galliae
808 2171 899 2229 motu
921 2188 1058 2232 rumores

156 2271 392 2335 adferebantur:
405 2267 623 2350 ,interclusum
634 2267 749 2345 itincre
761 2267 943 2352 Gaesarem,
955 2271 1059 2355 inopia

121 2406 133 2443 a
155 2355 305 2439 frumenti
315 2378 462 2437 coactum
470 2371 505 2434 in
513 2371 712 2453 provinciam
721 2369 946 2436 contendisse‘.
957 2373 1059 2437 Bello·

154 2479 224 2543 vaci
247 2477 427 2540 defectione
446 2473 636 2539 Aeduorum
660 2476 788 2559 cognita
810 2496 925 2539 manus
949 2497 1059 2562 cogere

120 2611 133 2649 a
155 2583 257 2663 atque'
272 2578 394 2642 bellum
416 2597 539 2661 parare.
570 2576 732 2641 Labienus
753 2583 842 2641 tanta
855 2598 966 2643 rerum
981 2600 1059 2643 com·

154 2682 331 2746 mutatione
360 2683 457 2765 longe
488 2681 575 2745 aliud
598 2681 659 2744 sibi
683 2679 872 2765 capiendum
896 2683 1058 2746 consilium

120 2816 133 2853 c
154 2784 362 2867 intellegebat
377 2804 481 2867 neque
497 2785 571 2866 iam,
587 2790 626 2868 ut
636 2785 760 2868 proelio
770 2786 881 2849 hostes
890 2785 1059 2850 lacesseret

154 2889 212 2952 sed
227 2895 262 2952 ut
277 2889 470 2952 incolumem
481 2887 660 2952 exercitum
668 2887 873 2972 Agedincum
884 2888 1057 2969 reduceret,

121 2992 324 3076 scogitabat.
368 3010 505 3074 namque
534 2991 635 3054 altera
656 2997 747 3074 parte
769 2990 951 3074 Bellovaci,
982 3011 1058 3076 quae

154 3096 265 3158 civitas
288 3093 461 3157 maximam
482 3093 581 3157 habet
597 3093 783 3175 opinionem
804 3093 941 3177 virtutis,
966 3095 1057 3158 insta·

152 3196 238 3277 bant,
256 3196 355 3258 altera
372 3195 608 3279 Camulogenus
623 3202 735 3279 parato
752 3197 913 3260 exercitu:
930 3204 999 3262 tum
1015 3198 1057 3260 le·

154 3300 266 3383 giones
289 3320 307 3361 a
328 3297 489 3381 praesidio
506 3304 601 3379 atque
622 3297 850 3381 inpedimentis
872 3300 1056 3364 interclusas

154 3403 329 3466 maximum
352 3402 469 3464 flumen
494 3400 675 3464 distinebat.
