2332 3892
193 225 232 285 74
554 223 603 273 ιιι.
632 223 745 289 aa-aa.

190 395 245 459 ubi
282 394 415 459 Crassus
446 394 688 477 animadvertit,
721 414 794 457 suas
831 393 941 477 copias
971 398 1102 478 propter

190 499 402 581 exiguitatem
425 518 490 561 non
513 497 604 561 facile
629 496 755 578 diduci,
786 497 914 559 bostem
938 501 971 559 et
993 496 1101 579 vagari

190 608 223 666 et
245 604 313 666 vias
337 601 486 666 obsidere
519 607 552 666 et
583 603 693 665 castris
722 601 799 665 satis
830 599 982 685 praesidii
1005 599 1101 662 relin-

191 726 306 789 quere,
330 706 370 769 ob
396 726 467 769 eam
490 726 618 769 causam
641 707 745 769 minus
768 703 939 769 commode
961 704 1102 767 frumen·

190 815 259 872 tum
296 814 577 892 commeatumque
615 808 675 871 sibi
718 807 919 892 supportari,
963 807 997 870 in
1035 805 1102 870 dies

190 912 331 975 hostium
353 933 523 975 numerum
547 911 675 994 augeri,
706 931 772 974 non
795 910 1010 975 cunctandum
1035 910 1103 973 exi·

157 1015 342 1078 estimavit.
379 1014 438 1078 hac
461 1035 495 1078 re
520 1014 562 1078 ad
584 1015 753 1079 consilium
773 1015 888 1097 delata,
912 1014 967 1078 ubi
992 1034 1104 1078 omnes

191 1118 279 1182 idem
308 1118 438 1182 sentire
459 1119 637 1202 intellexit,
667 1125 833 1204 posterum
857 1120 943 1184 diem
973 1139 1103 1204 pugnae

192 1222 367 1286 constituit.

158 1347 168 1385 ι
256 1325 382 1389 XXIV.
424 1327 533 1391 Prima
569 1329 641 1392 luce
680 1327 798 1413 duplici
842 1330 911 1393 acie
948 1327 1105 1409 instituta,

193 1431 319 1494 auxiliis
341 1432 373 1493 in
397 1431 537 1495 mediam
561 1433 662 1497 aciem
693 1433 861 1513 coniectis,
892 1431 970 1515 quid
993 1431 1105 1495 hostes

159 1555 171 1592 a
194 1532 317 1596 consilii
341 1539 509 1616 caperent,
535 1534 752 1618 exspectabat.
790 1535 854 1616 illi,
886 1534 946 1599 etsi
970 1539 1106 1618 propter

192 1634 432 1698 multitudinem
468 1641 502 1698 et
538 1642 682 1700 veterem
721 1638 799 1703 belli
831 1639 968 1722 gloriam
995 1639 1105 1722 pauci-

192 1743 356 1821 tatemque
395 1745 470 1802 nost
471 1760 579 1802 rorum
618 1747 702 1804 set
689 1746 758 1804 tuto
795 1740 1002 1805 dimicaturos
1036 1741 1105 1805 exi-

193 1842 434 1905 stimabant&
412 1849 529 1924 ,tamen
552 1845 651 1907 tutius
683 1865 753 1908 esse
787 1844 925 1909 obsessis
949 1845 1012 1907 viis
1037 1845 1105 1908 sine

158 1946 326 2012 avulnere
357 1945 422 2008 vict
424 1947 492 2009 oria
526 1948 710 2031 potiri,
659 1953 692 2011 et
742 1948 769 2011 si
801 1949 971 2032 propter
962 1948 1106 2033 mopiam

194 2049 241 2114 rei
269 2048 495 2112 frumentariae
525 2050 665 2114 Romani
695 2073 767 2116 sese
803 2052 948 2136 recipcre
980 2052 1105 2137 coepis-

160 2157 283 2234 ssent,
320 2151 484 2235 inpeditos
508 2150 648 2216 adoriri.‘
700 2153 763 2217 hoc
800 2154 934 2218 consilio
965 2155 1104 2238 probato

160 2277 266 2320 aseae
298 2256 409 2320 castris
439 2255 601 2320 tenebant.
650 2257 709 2320 hac
740 2279 776 2321 re
810 2262 983 2342 perspecta
1012 2256 1106 2321 Gras-

195 2381 266 2442 sus,
300 2379 374 2422 cum
408 2379 465 2420 sua
495 2359 698 2425 cunctatione
735 2360 846 2426 hostes
883 2360 1003 2425 milites
1042 2361 1106 2424 ala-

196 2463 316 2526 criores
340 2461 381 2524 ad
404 2462 612 2545 pugnandum
637 2463 820 2528 effecissent
843 2469 939 2548 atque
964 2463 1108 2528 omnium

196 2586 293 2629 voces
322 2564 509 2628 audirentur
542 2566 733 2650 ,exspectari
764 2565 882 2630 diutius
911 2585 979 2629 non
1012 2586 1107 2650 opor·

196 2665 292 2750 tere‘,
331 2669 516 2731 cohortatus
546 2690 621 2732 suos
655 2671 803 2735 omnibus
834 2669 1036 2755 cupientibus
1067 2669 1109 2733 ad

197 2778 299 2835 castra
322 2771 499 2834 contendit.

163 2910 174 2950 1
262 2874 370 2937 XXV.
406 2874 456 2937 lbi
484 2896 555 2939 oum
587 2876 687 2940 fossas
720 2878 921 2961 complerent
950 2877 1023 2958 alii,
1054 2876 1109 2940 alii

198 2978 270 3041 telis
296 2978 448 3041 coniectis
479 2978 666 3044 defensores
695 2981 780 3043 vallo
813 2980 1109 3065 munitionibusque

199 3081 400 3165 depellerent
435 3083 683 3166 auxiliaresque,
724 3084 839 3167 quibus
872 3102 939 3145 non
972 3083 1110 3146 multum

201 3184 332 3248 Crassus
363 3185 544 3249 confidebat
531 3186 749 3270 t,lapidibus
777 3184 1111 3250 subministrandiset

201 3287 392 3369 caespitibus
437 3288 676 3370 comportandis
720 3289 862 3373 speciem
897 3290 1115 3374 pugnantium

199 3389 409 3471 praeberent,
447 3411 519 3454 cum
556 3391 634 3454 item
672 3392 711 3456 ab
748 3392 893 3456 hostibus
926 3397 1112 3458 constanter
