2332 3892
158 234 221 297 230
504 235 581 285 vrn.
610 233 724 283 rr-rc.

157 407 270 487 cessit,
308 429 371 492 quo
408 408 556 472 testatior
587 412 673 471 esset
702 426 810 490 poena
840 404 1060 489 improborum.

122 530 134 567 2
155 513 314 597 Drappes,
338 534 434 597 quem
451 517 580 596 captum
597 533 666 576 esse
684 532 703 574 a
719 509 855 575 Caninio
874 508 980 592 docui,
1001 508 1061 572 sire

155 615 347 698 indignitate
370 617 571 680 vinculorum
595 617 662 679 sive
686 615 803 679 timore
822 613 981 698 gravioris
996 634 1061 697 sup·

154 720 243 803 plicii
258 719 368 804 paucis
384 718 497 784 diebus
513 719 585 783 cibo
602 719 755 783 abstinuit
766 724 867 803 ,atque
883 719 930 782 ita
940 719 1062 782 interiit.

121 823 275 889 reodem
304 831 451 908 tempore
477 824 663 906 Lucterius,
693 845 789 908 quem
818 822 1001 907 profugisse
1028 843 1064 886 ex

156 929 279 1012 proelio
303 929 424 1013 scripsi,
448 950 520 992 cum
543 930 576 991 in
598 933 794 1013 potestatem
809 927 954 992 venisset
969 926 1061 1011 Epas·

155 1034 240 1096 nacti
269 1031 409 1096 Arverni
439 1030 566 1113 (crebro
599 1032 686 1095 enim
718 1031 895 1094 multorum
929 1031 1006 1096 fidei
1035 1050 1063 1094 se

157 1137 388 1218 committebat,
411 1135 498 1221 quod
520 1155 677 1220 nusquam
701 1135 820 1200 diutius
841 1137 911 1200 sine
927 1135 1062 1220 periculo

158 1246 414 1304 commoraturus
436 1240 616 1321 videbatur,
639 1260 712 1303 cum
735 1239 796 1302 sibi
814 1239 963 1304 conscius
979 1243 1063 1318 esset

158 1366 254 1429 quarn
281 1345 446 1410 inimicum
469 1345 604 1409 haberet
628 1341 833 1426 Caesarem),
863 1343 1062 1427 Epasnactus,

158 1449 367 1512 amicissimus
383 1450 503 1534 populo
520 1448 681 1532 Romano,
705 1449 773 1514 sine
791 1449 993 1522 dubitatione
1009 1447 1063 1511 nlla

158 1553 299 1616 vinctum
323 1553 364 1616 ad
389 1553 560 1623 Gaesarem
585 1553 731 1618 deduxit.
1014 1625 1018 1631 ,

124 1678 134 1715 1
223 1657 325 1722 XLV.
357 1657 519 1722 Labienus
543 1659 673 1722 interim
697 1660 729 1721 in
751 1658 901 1723 Treveris
926 1661 1060 1742 equestre

157 1761 318 1844 proelium
339 1760 429 1844 facit,
454 1763 508 1846 qui
530 1762 627 1826 nullis
650 1761 804 1826 adversus
826 1761 995 1825 Romanos
1015 1778 1059 1822 au·

123 1886 135 1923 2
157 1864 236 1927 xilia
260 1864 480 1948 denegabant:
504 1866 666 1950 principes
689 1867 781 1931 rivos
801 1865 923 1948 redigit
936 1866 970 1929 in
984 1881 1059 1927 suam

157 1974 353 2052 potestatem
376 1976 472 2054 atque
495 1971 528 2034 in
550 1971 600 2034 his
624 1969 741 2034 Surum
763 1969 935 2051 Aeduum‚
964 1967 1059 2052 quiet

159 2075 285 2138 virtutis
314 2080 347 2140 et
376 2077 504 2158 generis
529 2097 686 2140 summam
708 2075 914 2139 nobilitatem
936 2072 1059 2138 habebat

159 2180 310 2264 solusque
341 2201 383 2244 ex
405 2180 530 2244 Aeduis
562 2179 604 2243 ad
632 2179 667 2243 id
696 2184 824 2264 tempus
854 2177 1058 2263 permanserat

159 2304 192 2346 rn
215 2305 321 2347 armrs.

125 2412 136 2449 1
224 2387 344 2452 XLVI.
385 2389 520 2473 Caesar,
564 2411 636 2454 cum
674 2391 707 2453 in
746 2389 894 2454 omnibus
932 2386 1058 2474 partibus

159 2488 286 2554 videret
304 2491 440 2557 Galliam
465 2495 625 2559 devictam
648 2516 728 2577 esse,
751 2494 960 2579 Aquitaniam
982 2509 1057 2557 num·

161 2614 257 2677 quam
295 2597 363 2680 ipse
398 2598 535 2681 adisset,
573 2621 646 2663 cum
677 2599 801 2663 duabus
830 2592 1057 2683 legionibusin

126 2723 137 2760 2
162 2718 233 2760 eam
249 2705 374 2782 partem
391 2709 440 2764 est
455 2704 630 2787 profectus.
662 2725 757 2788 quam
773 2724 843 2767 rem
859 2704 954 2768 sicuti
969 2707 1059 2768 cetera

160 2800 296 2866 feliciter
319 2804 474 2886 confecit3
499 2828 637 2891 namque
662 2828 774 2872 omnes
789 2807 984 2892 Aquitaniae
998 2803 1057 2871 ciri·

161 2909 244 2968 tatas
275 2905 400 2989 legatos
432 2902 587 2973 miserunt
620 2911 811 2996 obsidesque
846 2913 877 2976 ei
908 2913 1057 2978 dederunt

126 3034 138 3070 a
162 3007 275 3091 quibus
296 3010 394 3073 rebus
417 3014 515 3094 gestis
534 3015 602 3099 ipse
618 3014 780 3108 praesidio
796 3015 984 3082 Narbonem
999 3015 1057 3102 p'ro·

160 3110 262 3174 fectus
281 3119 351 3196 est,
375 3117 553 3181 exercitum
576 3141 634 3204 per
655 3120 783 3202 legatos
805 3122 839 3184 in
861 3122 996 3188 hiberna
1015 3119 1056 3182 de·

127 3241 139 3277 4
163 3213 272 3280 duxit:
297 3225 448 3301 quattuor
463 3222 608 3305 legiones
625 3225 657 3288 in
672 3223 793 3309 Belgio·
807 3225 988 3291 conlocavit
1001 3238 1056 3288 cum

162 3318 206 3381 M.
223 3318 366 3386 Antonio
392 3330 424 3387 et
448 3324 484 3389 O.
500 3326 663 3392 Trebonio
688 3334 720 3393 et
741 3328 779 3392 P.
795 3327 929 3395 Vatinio
951 3323 1056 3412 legatis,

163 3421 242 3486 duas
265 3424 297 3486 in
312 3424 447 3511 Aeduis,
471 3452 607 3515 quorum
630 3433 663 3496 in
687 3433 774 3496 omni
791 3432 1056 3508 Galliasummanl
