2332 3892
446 270 467 320 1.
496 271 606 320 ιιι-ιο.
941 270 979 332 19

75 442 222 506 omnibus
250 440 395 524 frugibus
424 442 547 506 amissis
579 439 666 504 domi
697 441 775 504 nihil
805 447 888 523 erat,
918 463 980 526 quo

74 544 190 607 lamam
213 545 402 626 tolerarent,
426 544 656 627 Allobrogibus
678 545 863 628 imperavit,
887 551 922 608 ut
943 545 982 607 iis

74 648 224 712 frumenti
247 648 372 732 eopiam
395 648 553 728 facerent,
577 648 664 730 ipsos
688 647 806 731 oppida
820 647 982 731 vicosque,

75 770 155 834 quos
174 750 394 833 incenderant,
418 751 585 814 restituere
595 750 701 830 iussit.
739 749 772 812 id
789 771 828 814 ea
842 751 981 814 maxime
1004 775 1017 812 ι

75 855 197 919 ratione
220 854 306 936 feeit,
330 853 416 938 quod
431 854 546 936 noluit,
570 874 643 917 eum
659 854 775 934 looum,
800 852 885 918 unde
901 852 981 916 Hel-

76 958 152 1022 vetii
175 957 401 1040 discesserant,
424 979 557 1040 vacare,
587 978 627 1020 ne
651 962 784 1040 propter
806 958 983 1022 bonitatem

76 1082 224 1145 agrorum
242 1060 394 1125 Germani
416 1061 587 1125 transirent
611 1066 643 1125 et
658 1060 782 1123 finitimi
800 1062 983 1145 provinciae

77 1163 368 1248 Allobrogibusque
385 1169 500 1228 essent.
535 1162 634 1225 Boios
651 1163 834 1246 petentibus
849 1162 982 1247 Aeduis,
1005 1187 1017 1224 ε

76 1267 164 1352 quod
186 1269 319 1351 egregia
339 1267 456 1331 virtute
480 1272 570 1330 erant
593 1265 729 1349 cogniti,
758 1274 793 1329 ut
815 1268 848 1330 in
870 1269 984 1332 finibus

77 1371 140 1433 suis
164 1371 378 1452 oonlooarent,
400 1370 572 1449 consessit3
604 1369 718 1453 quibus
740 1369 786 1432 illi
809 1391 905 1454 agros
928 1372 983 1437 do-

79 1473 204 1554 dorunt,
234 1478 348 1556 postea
375 1472 408 1534 in
430 1492 541 1555 parem
564 1473 640 1534 iuris
665 1472 884 1558 libertatisque
908 1497 983 1539 oon-

78 1576 246 1657 dioionem,
269 1581 364 1659 atque
388 1575 448 1659 ipsi
472 1581 572 1656 erant,
596 1581 798 1659 receperunt.

139 1678 266 1742 XXIX.
311 1677 350 1742 In
378 1679 487 1742 eastris
518 1678 745 1742 Helvetiorum
775 1679 901 1744 tabulae
932 1701 1018 1745 ιιι-ι

77 1787 187 1866 portae
226 1786 299 1844 sunt
341 1780 454 1844 litteris
492 1779 623 1844 Graecis
662 1780 826 1844 eonfeotae
868 1788 900 1847 et
943 1783 985 1845 ad
1044 1850 1049 1864 ⁶

79 1885 249 1950 Caesarem
273 1883 409 1963 relatae,
441 1882 554 1966 quibus
584 1883 774 1945 nominatim
802 1883 883 1946 ratio
908 1904 984 1947 oon·

77 1990 159 2054 leota
182 1993 266 2070 arat,
296 1987 350 2070 qui
372 2006 524 2049 numerus
548 1984 644 2048 domo
669 1985 799 2067 exisset,
822 1987 876 2069 qui
899 2007 987 2051 arma

77 2092 159 2157 ferre
190 2095 341 2174 possent,
376 2094 409 2153 et
440 2088 518 2153 item
550 2088 721 2171 separatim
756 2090 860 2172 pueri,
893 2111 985 2154 senes

80 2195 302 2277 mulieresque.
346 2212 479 2276 quarum
510 2190 652 2253 omnium
680 2191 840 2254 rationum
863 2213 1020 2256 summas

79 2304 146 2362 erat
165 2297 317 2391 ,eapitum
347 2294 573 2359 Helvetiorum
606 2293 694 2356 milia
722 2317 845 2374 conum,
877 2294 985 2358 Tulin·

78 2422 192 2484 gorum
216 2400 303 2463 milia
325 2423 426 2476 xxxvi,
449 2395 676 2461 Latovioorum
695 2420 754 2478 mv,
778 2395 987 2460 Raurioorum

13 2516 15 2522 '
80 2529 166 2585 xxm,
207 2503 364 2576 Boiorum
392 2525 495 2581 xxxo,
526 2520 568 2563 ex
596 2499 662 2580 his,
697 2499 752 2582 qui
783 2520 872 2562 arma
902 2500 987 2565 ferre

80 2612 219 2691 possent,
243 2605 284 2670 ad
299 2606 386 2669 milia
398 2605 574 2686 nonaginta
594 2601 667 2665 duo,
706 2623 828 2665 summa
845 2604 986 2666 omnium
1008 2626 1021 2664 a

80 2710 206 2774 fuerunt
228 2709 268 2771 ad
291 2708 379 2771 milia
399 2731 551 2773 oconxvm.
591 2727 713 2787 eorum,
736 2707 790 2789 qui
812 2706 987 2789 redierunt,

80 2834 177 2878 censu
199 2813 320 2894 habito,
343 2818 379 2874 ut
395 2812 513 2876 Caesar
528 2813 751 2900 imperarerat,
774 2816 922 2894 repertus
939 2816 988 2874 est

80 2935 228 2978 numerus
252 2914 374 2977 milium
397 2939 413 2978 c
438 2920 470 2977 et
493 2914 615 2977 decem.

142 3019 253 3082 XXX.
285 3019 377 3082 Bello
404 3018 549 3082 confecto
575 3018 672 3080 totius
695 3016 763 3081 fere
790 3016 913 3080 Galliae
939 3018 986 3082 le·
1009 3043 1021 3083 1

82 3124 145 3203 gati
173 3122 214 3185 ad
240 3122 410 3186 Caesarem
439 3117 635 3206 gratulatum
665 3127 899 3184 convenerunt:
930 3123 1022 3201 ,in-2

82 3227 236 3309 tellegere
274 3246 364 3306 sese,
400 3226 528 3289 tametsi
566 3246 624 3308 pro
665 3224 827 3288 veteribus
864 3225 986 3289 Helve-

83 3328 197 3391 tiorum
211 3328 333 3390 iniuriis
349 3348 469 3412 poenas
490 3329 575 3392 bello
596 3328 776 3412 repetisset,
791 3333 900 3390 tamen
916 3349 986 3392 eam

83 3451 147 3493 rem
169 3451 235 3493 non
255 3431 358 3492 minus
376 3451 417 3494 ex
432 3453 492 3494 usu
505 3437 610 3494 terrae
627 3429 792 3511 aooidisse,
814 3436 988 3513 propterea
1008 3452 1021 3490 a
