2332 3892
391 879 673 962 Praefatio.

145 1171 306 1301 ‚Habere
322 1238 380 1281 sua
401 1215 466 1280 fata
487 1213 625 1282 libellos‘
649 1216 709 1281 hac
731 1215 801 1299 ipsa
824 1236 989 1280 commen-

76 1339 235 1404 tariorum
268 1339 308 1405 de
339 1339 425 1404 bello
460 1339 584 1403 Gallico
622 1338 764 1404 editione
797 1337 839 1402 ad
879 1338 991 1402 oculos

79 1461 328 1526 demonstratur.
368 1462 487 1526 etenim
516 1483 589 1526 cum
617 1462 656 1526 ab
679 1462 770 1526 initio
795 1461 837 1525 ad
860 1461 992 1527 codices

78 1582 197 1668 prioris
227 1603 322 1667 quam
348 1588 465 1647 vocant
495 1585 604 1649 classis
633 1591 743 1650 textus
765 1586 990 1651 recensionem

79 1706 247 1772 instituere
270 1708 303 1770 in
326 1707 433 1771 animo
458 1712 559 1788 esset,
594 1707 776 1771 adcuratius
800 1707 992 1773 examinatis

81 1828 213 1893 alterius
235 1829 344 1895 classis
368 1829 516 1894 codicum
533 1831 697 1915 scripturis
713 1852 733 1895 a
747 1852 799 1895 me
816 1831 991 1916 impetrare

80 1971 146 2014 non
168 1952 260 2036 potui
289 1958 342 2034 ut,
375 1952 463 2038 quod
487 1952 585 2035 vulgo
618 1951 768 2035 credunt,
798 1952 991 2038 plerumque

80 2075 210 2139 inutiles
232 2097 287 2141 ess
310 2083 343 2142 et
364 2076 734 2162 prorsusneglegendas
750 2077 987 2160 existimarem3

82 2199 180 2263 immo
209 2201 401 2285 ubicumque
432 2200 515 2266 duae
544 2202 624 2265 istae
648 2201 766 2264 classes
788 2205 843 2263 aut
866 2206 991 2264 mutato

83 2321 259 2386 eorundem
272 2317 445 2386 v'erborum
463 2322 575 2386 ordine
591 2327 646 2386 aut
661 2322 804 2406 ipsorum
817 2323 989 2386 verborum

81 2445 238 2509 varietate
260 2444 344 2507 inter
366 2464 400 2507 se
425 2442 586 2525 differunt,
610 2442 728 2506 indicia
750 2443 830 2506 haec
847 2462 916 2506 esse
934 2442 991 2507 de-

81 2565 205 2651 pravati
236 2565 393 2629 sermonis
417 2564 601 2629 Caesariani
624 2565 702 2628 mihi
724 2565 877 2650 persuasi.
911 2567 992 2631 haec

81 2687 238 2774 principia
260 2692 389 2752 secutus
410 2708 484 2751 cum
506 2692 633 2750 textum
657 2687 894 2751 constituissem
910 2688 992 2750 mul-

83 2816 179 2894 taque
210 2811 304 2874 etiam
332 2810 395 2874 alia
422 2810 499 2873 licet
530 2808 693 2873 codicibus
722 2808 893 2894 scripturas
924 2830 991 2873 non

83 2931 276 2994 variantibus
305 2937 342 2994 ut
370 2931 479 3015 spuria
507 2929 719 2994 removissem
750 2928 884 3014 (quippe
908 2953 993 3016 quae

84 3050 229 3117 eiusdem
250 3050 368 3115 indolis
392 3057 501 3115 essent
523 3052 596 3115 loca
611 3057 708 3135 atque
725 3073 772 3133 ea,
797 3073 878 3135 quae
894 3053 995 3136 scrip-

83 3177 227 3235 turarum
258 3173 413 3261 varietate
449 3172 709 3257 damnarentur),
741 3175 859 3239 iterum
897 3181 994 3260 atque

84 3294 211 3375 iterum,
235 3314 307 3357 cum
329 3295 476 3379 plagulas
499 3296 712 3380 corrigerem,
736 3298 863 3382 singula
886 3299 992 3381 capita

84 3415 194 3500 legens
226 3422 321 3502 atque
353 3424 560 3502 perscrutans
600 3419 761 3505 permulta
791 3418 992 3505 deprehendi
