2332 3892
159 272 219 335 112
555 270 588 320 v.
619 270 661 320 rr.

158 445 301 509 confiteri
325 442 454 524 debere,
480 442 567 526 quod
590 443 658 506 eius
683 463 781 526 opera
803 442 965 528 stipendio
988 444 1069 509 libe·

120 597 122 599 ·
155 556 243 614 ratus
267 554 368 630 esset,
390 547 478 632 quod
499 546 694 629 Aduatucis,
717 546 862 612 finitimis
883 550 967 631 suis,
990 571 1069 634 pen·

157 652 233 717 dere
257 659 452 734 consuesset,
476 651 625 735 quodque
650 653 680 715 ei
701 653 785 716 filius
809 659 843 717 et
864 653 971 718 fratris
984 654 1069 718 filius

157 758 246 822 missi
269 762 386 838 essent,
410 777 489 841 quos
507 754 670 820 Aduatuci
693 756 778 840 apud
802 776 836 819 se
859 756 893 820 in
914 758 1069 822 servitute

121 883 134 923 a
157 868 189 925 et
210 861 332 933 ,catenis
355 861 549 943 tenuissent3
571 879 676 944 neque
699 858 743 941 id,
766 858 853 942 quod
868 860 990 944 fecerit,
1014 869 1070 926 aut

43 980 44 984 ’
154 963 274 1027 iudicio
298 969 353 1027 aut
373 944 539 1028 voluntale
561 963 692 1044 fecisse,
723 961 782 1026 sed
809 984 867 1027 sua
896 984 968 1028 esse
999 967 1070 1029 eius

154 1065 246 1130 ⁴modi
268 1066 419 1150 imperia,
448 1072 483 1130 ut
505 1086 570 1131 non
593 1065 698 1129 minus
720 1066 854 1130 haberet
876 1067 954 1131 iuris
976 1070 1011 1133 in
1035 1092 1069 1135 se

122 1169 328 1233 rmultitudo
359 1189 454 1253 quam
482 1170 552 1254 ipss
583 1170 618 1234 in
652 1169 900 1234 multitudinem.
947 1172 1071 1237 civitati

156 1294 253 1357 porro
276 1274 359 1337 hanc
380 1273 478 1338 fuisse
503 1294 650 1354 causam,
673 1273 760 1357 quod
781 1275 970 1357 repentinae
994 1297 1071 1342 con·

156 1379 307 1444 iurationi
328 1379 479 1443 resistere
501 1400 568 1443 non
589 1379 740 1462 potuerit.
785 1377 820 1441 id
843 1398 878 1441 se
900 1379 994 1443 facile
1028 1402 1071 1445 ex

156 1483 337 1547 humilitate
361 1504 419 1546 sua
440 1483 577 1567 probare
599 1504 706 1569 posse,
729 1484 816 1567 quod
837 1505 903 1549 non
925 1484 1008 1549 adeo
1029 1487 1071 1550 sit

127 1634 129 1639 .
156 1586 324 1671 imperitus
346 1606 470 1668 rerum,
497 1593 535 1651 ut
557 1588 622 1651 suis
646 1588 747 1671 copiis
769 1589 926 1673 populum
947 1587 1071 1655 Roma·

123 1711 234 1754 snum
262 1690 406 1772 superari
434 1711 530 1773 posse
562 1691 709 1755 confidat.
755 1691 813 1755 sed
840 1712 911 1755 esse
941 1693 1071 1759 Galliae

122 1840 124 1843 ψ
158 1813 327 1857 commune
355 1786 553 1860 consilium:
595 1795 742 1860 omnibus
780 1796 922 1861 hibernis
967 1819 1071 1882 oppu-

158 1898 293 1982 gnandis
315 1899 401 1962 hunc
424 1918 495 1962 esse
518 1898 639 1962 dictum
662 1899 758 1981 diem,
780 1921 821 1964 ne
843 1900 930 1984 legio
946 1901 1072 1984 legioni

123 2002 300 2067 ssubsidio
323 2002 433 2066 venire
455 2008 575 2086 posset.
619 2023 684 2066 non
712 2002 806 2066 facile
830 1993 942 2068 Gallos
966 2005 1071 2070 Gallis

156 2125 276 2188 negare
297 2105 451 2189 potuisse,
474 2106 664 2189 praesertim
687 2126 760 2170 cum
783 2106 824 2170 de
845 2108 1071 2190 recuperanda

159 2209 320 2273 communi
351 2209 498 2272 libertate
538 2209 707 2274 eonsilium
746 2209 860 2274 initum
893 2210 1069 2276 videretur.

125 2312 272 2394 rquibus
302 2312 452 2396 quoniam
481 2313 690 2395 propietate
713 2313 918 2394 satisfecerit,
947 2313 1071 2378 habere

157 2435 242 2478 nunc
265 2415 479 2478 serationem
503 2413 599 2478 officii
627 2433 686 2498 pro
715 2415 880 2479 beneficiis
905 2415 1069 2481 Caesaris:

158 2537 300 2598 monere,
324 2536 415 2580 orare
436 2515 595 2580 Titurium
617 2536 675 2601 pro
698 2517 850 2601 hospitio,
872 2523 908 2581 ut
930 2538 1007 2582 suae
1032 2541 1070 2583 ac

122 2621 296 2686 smilitum
326 2619 419 2683 saluti
448 2619 602 2682 consulat.
646 2640 796 2702 magnam
827 2640 957 2684 manum
986 2621 1069 2685 Gar·

158 2744 326 2788 manorum
354 2722 544 2787 conductam
576 2722 728 2786 Rhenum
756 2723 924 2788 transisse:
956 2723 1069 2789 adfore

124 2852 137 2892 a
157 2827 266 2894 biduo.
306 2828 455 2910 >ipsorum
478 2846 565 2908 esse,
592 2825 735 2890 velintne
757 2825 852 2908 vprius
882 2845 976 2909 quam
998 2825 1069 2890 fini-

158 2932 228 2995 timi
258 2931 396 2994 sentiant
425 2929 543 2993 milites
573 2928 614 2992 ad
638 2927 828 2992 Ciceronem
857 2933 912 2992 aut
942 2928 984 2992 ad
1006 2928 1069 2995 La-

125 3076 132 3080 ><
158 3036 290 3099 bienum
320 3033 495 3116 deducere,
526 3053 661 3117 quorum
690 3021 771 3097 alter
798 3033 887 3097 milia
915 3053 1069 3116 passuum

158 3140 285 3203 circiter
307 3138 550 3222 quinquaginta,
578 3128 660 3204 alter
688 3136 786 3221 paulo
816 3136 952 3221 amplius
975 3138 1068 3202 absit.

32 3266 33 3270 ¹
125 3261 150 3302 ιο
159 3244 239 3307 illud
255 3263 289 3307 se
306 3242 454 3326 polliceri
469 3247 501 3304 et
516 3241 584 3304 iura
599 3239 734 3305 iurando
752 3240 948 3322 confirmare,
963 3245 1069 3305 tutum

124 3365 149 3405 11
158 3346 220 3408 iter
249 3365 309 3429 per
338 3345 418 3409 fines
451 3342 608 3408 daturum.
654 3340 740 3427 quod
774 3363 848 3407 cum
867 3342 995 3424 iaciat,
1037 3350 1069 3433 et

122 3481 131 3488 -›
159 3448 280 3512 civitati
303 3467 375 3511 sese
398 3449 573 3528 consulere,
597 3445 682 3531 quod
705 3445 847 3510 hibernis
863 3445 1013 3528 leretur,
1036 3454 1069 3511 et
