2332 3892
142 271 206 333 214
460 240 563 321 'vui
591 273 701 322 12-13.

142 443 312 507 suetudine
326 444 494 527 diligentia
503 446 710 528 minueretur,
720 446 889 511 Bellovaci
899 447 1043 511 delectam

141 570 272 613 manum
308 549 455 632 peditum
494 549 631 633 cognitis
664 550 856 615 stationibus
888 550 1044 615 cotidianis

143 656 287 738 equitum
322 661 506 720 nostrorum
540 654 738 719 silvestribus
770 654 851 719 locis
884 655 1046 739 disponunt

105 781 119 818 o
142 759 322 843 eodemque
339 759 463 842 equites
480 765 611 843 postero
629 757 682 821 die
698 758 839 839 mittunt,
855 758 1046 843 quiprimun

142 864 296 928 elicerent
325 869 468 943 nostros,
499 861 616 927 deinde
641 862 877 927 circumventos
901 861 1046 947 adgrede-

104 989 118 1026 a
141 975 261 1032 rentur.
307 988 376 1032 sors
400 966 512 1031 incidit
534 966 662 1049 Remis,
688 966 802 1050 quibus
825 967 881 1031 ille
904 965 1045 1051 fungend'

142 1072 283 1137 muneris
301 1072 485 1137 obvenerat.
512 1091 661 1154 namque,
679 1092 752 1135 cum
766 1078 903 1154 repente
917 1072 1048 1136 hostium

142 1177 286 1259 equitum
315 1173 617 1239 animadvertissent
647 1196 684 1238 ac
713 1195 847 1240 numero
876 1176 1048 1259 superiores

140 1280 337 1362 paucitatem
360 1278 639 1362 contempsissent,
670 1278 817 1362 cupidius
840 1280 980 1344 insecuti
1002 1300 1046 1364 pc-

102 1403 119 1439 4
142 1384 262 1448 ditibus
286 1384 427 1467 undique
451 1390 524 1447 sunt
548 1383 744 1448 circumdati.
791 1405 853 1467 quo
878 1384 965 1450 facto
988 1405 1049 1469 per·

141 1489 260 1553 turbati
284 1489 434 1569 celerius,
464 1475 560 1571 quain
582 1488 782 1553 consuetudo
805 1489 867 1552 fert
892 1489 1049 1573 equestris,

142 1614 176 1656 se
199 1598 391 1676 receperunt
414 1591 532 1656 amisso
555 1590 717 1674 Vertisco,
740 1592 886 1676 principe
912 1593 1049 1672 civitatis,

104 1697 304 1781 rpraefecto
338 1697 497 1780 equitum3
536 1697 590 1780 qui
620 1717 694 1760 curn
724 1696 780 1760 vix
811 1717 896 1780 equo
929 1703 1050 1781 propter

143 1808 282 1865 aetatem
305 1807 417 1885 posset
433 1801 490 1882 uti,
513 1807 623 1864 tamen
640 1800 872 1866 consuetudine
892 1800 1050 1866 Gallorum

142 1913 246 1990 ne'que
279 1905 395 1969 aetatis
427 1904 635 1969 excusatione
667 1905 701 1968 in
733 1905 941 1989 suscipienda
970 1908 1051 1990 pra'c·

142 2012 266 2076 sectura
288 2033 364 2075 usus
389 2017 456 2075 erat
477 2030 582 2094 neque
605 2009 750 2074 dimicari
765 2010 834 2073 sine
852 2030 886 2073 se
902 2011 1050 2076 voluerat.

104 2118 292 2180 einflantur
316 2122 411 2198 atque
435 2115 607 2179 incitantur
629 2114 771 2178 hostium
794 2114 894 2178 animi
918 2113 1051 2180 secundo

143 2223 279 2306 proelio,
297 2221 443 2305 principe
459 2226 491 2283 et
506 2219 669 2303 praefecto
686 2219 866 2283 Remorum
879 2217 1052 2297 interfecto,

105 2343 119 2380 Ἴ
143 2330 307 2411 nostrique
339 2325 532 2389 detrimento
557 2323 769 2388 admonentur
794 2321 983 2405 diligentius
1007 2342 1053 2385 ex·

142 2432 276 2514 ploratis
305 2430 385 2494 locis
416 2429 571 2492 stationes
602 2426 773 2510 disponere
802 2446 839 2489 ac
862 2425 1053 2491 moderatius

143 2537 270 2619 insequi
291 2536 429 2601 hostem.

108 2662 119 2699 1
207 2638 304 2701 XIII.
333 2639 365 2702 N
368 2660 409 2702 on
424 2637 594 2702 intermitti
612 2635 741 2700 interim
758 2633 922 2699 cotidiana
937 2635 1053 2719 proelia

144 2744 177 2806 in
194 2748 368 2825 conspectu
383 2747 591 2825 utrorumque
613 2745 789 2804 castrorum
805 2736 847 2802 ad
861 2737 948 2802 vada
959 2746 1051 2803 trans·

107 2849 271 2930 situsque
296 2845 433 2929 paludis.
478 2866 574 2928 quam
596 2843 760 2924 Germani,
786 2863 865 2926 quos
889 2850 1054 2926 propterea

143 2951 331 3016 traduxerat
353 2949 520 3031 Rhenum,
551 2956 586 3013 ut
609 2947 793 3031 interpositi
815 2949 1052 3031 proeliarentur,

145 3078 218 3120 cum
256 3054 453 3119 constantius
491 3053 632 3117 universi
666 3051 856 3115 transissent
887 3053 1052 3135 paucisque

144 3157 527 3242 intertectispertinacius
536 3155 693 3238 reliquam
703 3154 946 3220 multitudinem
957 3155 1052 3220 essent

146 3263 292 3342 insecuti,
308 3261 471 3347 perterriti
486 3282 552 3324 non
566 3260 671 3324 solum
686 3259 718 3341 ii,
742 3259 797 3342 qui
812 3264 867 3322 aut
885 3260 1051 3324 comminus

108 3395 123 3430 s
148 3366 410 3450 opprimebantur
420 3373 475 3431 aut
485 3366 610 3430 eminus
618 3365 878 3446 vulnerabantur,
890 3364 949 3428 sed
957 3364 1051 3436 etiam,

12 3514 57 3664 ἱ
148 3471 202 3554 qui
230 3471 358 3554 longius
389 3469 571 3534 subsidiarii
599 3469 822 3550 constiterant,
857 3469 994 3552 turpiter
1014 3463 1050 3528 f-
