2332 3892
441 247 463 297 Ι.
494 247 605 297 25-26.
936 247 973 307 17

67 441 105 483 ex
128 426 306 505 conspectu
328 420 460 484 remotis
483 419 588 502 equis,
612 425 647 481 ut
670 423 806 502 aequato
829 418 972 500 periculo

67 544 154 606 spem
177 524 275 606 fugae
298 524 436 605 tolleret,
459 522 603 586 hortatus
622 544 696 585 suos
712 524 869 606 proelium
887 543 973 585 eom·

67 629 158 691 misit.
202 628 322 690 milites
344 628 416 711 pilis
440 627 543 691 missis
569 627 662 690 facile
685 628 877 711 phalangem
901 646 1007 709 per-r

67 731 248 813 fregerunt:
280 753 318 796 ea
342 731 474 796 disiecta
499 731 614 814 gladiis
638 731 795 796 destrictis
818 733 973 814 impetum

66 834 221 900 iecerunt.
269 835 368 899 Gallis
393 856 509 919 magno
531 842 599 898 erat
622 835 864 920 impedimento,
888 833 1008 918 quoda

66 942 210 1024 pluribus
227 940 323 1002 scutis
333 960 397 1002 uno
408 940 473 1002 ictu
485 938 644 1002 transfixis
660 945 693 1002 et
709 939 886 1020 conligatis,
903 958 975 1000 oum

67 1043 185 1106 ferrum
208 1064 242 1106 se
267 1043 455 1123 inflexisset,
485 1063 589 1126 neque
623 1043 763 1106 evellere
796 1063 900 1126 neque
932 1042 973 1104 si·

67 1148 165 1209 nistra
187 1145 331 1229 inpedita
354 1145 429 1207 satis
453 1145 623 1208 commode
640 1166 790 1229 pugnare
815 1151 973 1230 poterant.

68 1251 159 1313 multi
187 1249 241 1311 diu
265 1249 379 1311 iactato
407 1250 536 1312 brachio
561 1255 685 1313 scutum
708 1271 804 1312 manu
827 1251 1009 1314 emitteres

68 1359 100 1416 et
121 1352 210 1416 nudo
232 1372 366 1436 corpore
384 1372 548 1436 pugnare:
572 1353 702 1416 tandem
717 1354 901 1417 vulneribus
919 1352 973 1417 dc·
996 1377 1009 1414 s

67 1455 140 1520 fessi
171 1460 204 1520 et
234 1456 350 1539 pedem
380 1455 499 1520 referre
531 1463 579 1538 et,
612 1457 697 1541 quod
726 1479 817 1520 mons
847 1457 975 1520 suberat

68 1560 192 1623 circiter
224 1560 311 1623 mille
340 1581 509 1644 passuum,
543 1581 581 1624 eo
614 1583 647 1625 se
678 1562 834 1645 recipere.
881 1567 1009 1644 captos

67 1668 176 1727 monte
208 1669 241 1727 et
264 1664 505 1728 succedentibus
534 1665 651 1728 nostris
675 1664 748 1727 Boii
774 1670 806 1727 et
834 1664 975 1747 Tulingi,

69 1769 120 1851 qui
143 1767 311 1830 hominum
337 1768 463 1830 milibus
487 1768 612 1830 circiter
633 1792 673 1830 xv
696 1788 812 1850 agmen
834 1766 976 1830 hostium

68 1871 260 1936 claudebant
276 1877 308 1934 et
322 1872 501 1934 novissimis
514 1871 674 1955 praesidio
688 1876 789 1952 erant,
806 1892 848 1935 ex
860 1870 974 1933 itinero

67 1981 194 2040 nostros
216 1976 316 2038 latere
340 1981 450 2058 aperto
475 1974 619 2057 adgressi
636 1975 865 2039 circumvenire
888 1979 920 2036 et
943 1972 977 2036 id

70 2078 243 2162 conspicati
279 2076 423 2141 Helvetii
459 2099 565 2141 mrsus
599 2078 717 2143 instare
751 2083 783 2141 et
817 2078 975 2162 proelium

69 2182 298 2264 redintegrare.
335 2179 474 2244 Romani
497 2181 589 2262 signa
609 2181 760 2264 bipertito
781 2181 975 2244 intulerunt:
999 2201 1010 2240 r

68 2286 171 2370 prima
200 2291 233 2348 et
262 2283 401 2347 secunda
433 2285 534 2367 acies,
565 2290 601 2347 ut
623 2285 780 2348 submotis
802 2284 975 2366 resisteret,

70 2390 173 2469 tertia,
197 2393 233 2451 ut
254 2389 421 2451 venientes
443 2388 623 2452 sustineret.

132 2493 258 2558 XXVI.
290 2493 342 2556 Ita
370 2492 496 2576 ancipiti
529 2493 654 2576 proelio
689 2489 794 2574 (nam,
830 2511 902 2554 cum
936 2490 1010 2553 abr

71 2599 151 2662 hora
172 2597 309 2681 septima
324 2596 365 2659 ad
379 2617 550 2680 vesperum
564 2602 741 2679 pugnatum
757 2597 807 2677 sit,
831 2615 977 2658 aversum
999 2614 1011 2651 a

73 2704 198 2767 hostem
219 2702 330 2767 ridere
358 2722 453 2765 nemo
482 2701 600 2785 potuit)
624 2700 666 2763 ad
693 2700 827 2763 multam
848 2704 975 2761 noctem
999 2718 1011 2754 s

74 2808 169 2870 etiarn
191 2804 233 2868 ad
255 2803 485 2888 impedimenta
512 2809 689 2887 pugnatum
713 2808 776 2884 est,
806 2809 978 2886 propterea

75 2906 160 2992 quod
187 2928 245 2992 pro
275 2907 359 2970 vallo
389 2927 495 2970 carros
523 2907 706 2970 obiecerant
733 2913 766 2969 et
786 2908 869 2969 inter
891 2911 977 2967 rotas

76 3018 211 3074 mataras
230 3010 428 3074 subiciebant
448 3015 637 3094 nostrosque
660 3009 878 3072 vulnerabant.
924 3006 979 3070 diu
999 3035 1011 3072 4

77 3133 147 3176 cum
184 3119 269 3177 essct
303 3121 495 3197 pugnatum,
529 3112 769 3196 impedimentis
804 3112 976 3195 castrisque

78 3218 175 3279 nostri
206 3217 300 3301 potiti
333 3222 415 3280 sunt.
468 3216 512 3279 ibi
547 3215 747 3299 Orgetorigis
780 3216 844 3278 filia
880 3221 975 3299 atquc

79 3339 157 3382 unus
180 3340 198 3382 e
221 3319 294 3382 filiis
323 3325 433 3404 captus
457 3324 514 3384 cst.
560 3340 602 3383 ex
630 3340 668 3382 eo
698 3319 821 3403 proelio
852 3320 1011 3384 circiters

80 3421 243 3486 hominum
264 3424 352 3487 milia
367 3448 448 3488 cxxx
463 3423 583 3487 nullam
604 3429 728 3507 partem
744 3423 847 3486 noctis
862 3422 975 3485 itinere
1076 3501 1078 3507 Ι
