2332 3892
158 247 218 309 174
505 245 567 296 vu.
595 245 706 295 ae-ao.

156 418 243 504 quod
258 440 323 483 non
337 419 405 484 fere
422 423 495 484 ante
512 423 699 482 autumnum
709 417 827 483 Elaver
839 415 926 481 vado
939 412 1056 479 transiri

121 541 134 580 ³
155 524 247 588 solet.
270 524 377 608 itaque
401 521 539 586 silvestri
560 520 632 585 loco
653 541 670 585 e
690 520 825 603 regione
842 521 938 583 unius
955 537 1057 608 eorum

155 627 317 712 pontium,
347 646 427 712 quos
448 623 698 707 Vercingetorix
720 621 954 687 rescindendos
978 639 1056 685 oura-

122 736 261 812 ruerat,
295 751 366 793 cum
398 727 520 792 duabus
548 726 730 809 legionibus
759 725 894 806 restitit3
928 724 1057 807 reliquas

156 834 264 918 copias
280 854 352 896 cum
369 831 515 895 omnibus
530 828 768 914 inpedimentis,
790 834 827 891 ut
843 831 1056 908 consueverat,

156 938 244 1000 misit
267 936 312 1000 sic
341 935 460 1019 apertis
488 932 679 1019 quibusdam
702 933 908 1016 cohortibus,
938 931 986 995 uti
1008 951 1056 995 nu·

122 1070 135 1109 a
155 1061 263 1104 merus
286 1039 450 1123 legionum
474 1045 619 1103 constare
642 1038 816 1104 videretur.
841 1060 916 1103 cum
938 1040 1004 1103 iam
1024 1059 1057 1102 ex

155 1149 303 1227 tempore
320 1143 537 1206 coniecturam
551 1149 691 1227 ceperat,
707 1145 741 1208 in
751 1148 1057 1229 castraperventum,

120 1246 258 1314 eisdem
281 1247 409 1311 sublicis
431 1253 530 1332 ponte
554 1247 703 1313 celeriter
725 1247 843 1313 effecto
866 1248 1057 1332 legionibus·

156 1371 217 1434 que
240 1349 393 1414 traductis
417 1356 450 1415 et
471 1351 543 1415 loco
567 1351 679 1414 castris
700 1349 818 1415 idoneo
844 1349 974 1416 delecto
992 1349 1057 1415 reli·

121 1474 232 1539 aquas
255 1455 364 1539 copias
385 1454 559 1519 revocavit.
594 1454 847 1539 Vercingetorix
867 1477 904 1520 re
928 1456 1058 1540 cognita,

34 1591 39 1601 ·
154 1579 196 1623 ne
227 1564 338 1623 contra
366 1580 456 1623 suam
485 1560 685 1624 voluntatem
708 1559 861 1624 dimicare
885 1565 1058 1644 cogeretur,

154 1663 278 1746 magnis
300 1663 468 1728 itineribus
491 1663 672 1728 antecessit.

122 1797 134 1837 1
219 1765 379 1831 XXXVI.
418 1766 536 1832 Caesar
569 1768 686 1854 quintis
723 1767 833 1833 castris
868 1767 1058 1854 Gergoviam

155 1873 304 1957 pervenit
327 1872 531 1958 equestrique
554 1872 679 1956 proelio
697 1872 761 1937 levi
775 1872 872 1955 facto,
894 1877 1057 1958 perspecto

154 1977 242 2042 urbis
264 1977 336 2059 situ,
359 1961 441 2062 quae
464 1977 570 2061 posita
591 1976 625 2040 in
640 1975 812 2040 'altissimo
825 1982 939 2042 monte
957 1997 1058 2041 omnes

158 2081 263 2144 aditus
301 2080 445 2145 difficiles
482 2079 639 2165 habebat,
676 2100 742 2144 non
779 2079 866 2164 prius
904 2081 1060 2164 agendum

156 2183 320 2249 constituit
356 2205 452 2269 quam
488 2205 558 2249 rem
594 2185 835 2249 frumentariam
869 2185 1059 2270 expedisset

121 2296 188 2353 cat
216 2288 467 2372 Vercingetorix
499 2289 608 2352 castris
638 2309 741 2375 prope
771 2288 926 2374 oppidum
955 2289 1060 2376 positis

155 2391 370 2457 mediocribus
399 2393 518 2457 circum
548 2414 582 2457 se
605 2391 781 2457 intervallis
805 2393 981 2477 separatim
1003 2393 1060 2456 sin·

155 2495 303 2578 gularum
325 2495 489 2559 civitatum
512 2496 621 2580 copias
643 2497 859 2560 collocaverat
881 2503 981 2584 atque
998 2517 1060 2561 om·

156 2596 247 2661 nibus
280 2598 349 2663 eius
377 2596 446 2682 iugi
475 2598 610 2663 collibus
641 2600 819 2684 occupatis,
851 2621 915 2685 qua
945 2600 1062 2687 despici

121 2706 297 2785 epotaret,
319 2700 507 2766 horribilem
529 2702 671 2785 speciem
693 2703 868 2788 praebebat
889 2705 1062 2792 principes·

122 2825 218 2889 4que
247 2803 350 2888 prima
375 2804 446 2869 luce
470 2802 512 2869 ad
534 2824 569 2870 se
591 2804 724 2870 iubebat
745 2826 850 2891 neque
872 2807 977 2872 ullum
998 2809 1062 2874 fere

157 2905 243 2971 diem
272 2906 520 2991 intermittebat,
549 2908 626 2992 quin
654 2907 741 2993 quid·
759 2908 793 2972 in
822 2929 952 2994 quoque
983 2915 1064 2976 esset

123 3010 254 3082 flanimi
284 3031 321 3074 ac
353 3012 478 3076 virtutis
507 3012 752 3097 periclitaretur.
786 3018 855 3076 erat
883 3034 902 3077 e
929 3017 1061 3100 regione

156 3114 265 3199 oppidi
295 3114 385 3179 collis
414 3115 471 3180 sub
501 3116 578 3200 ipsis
607 3115 767 3182 radicibus
790 3117 909 3181 montis
933 3120 1061 3204 egregie

155 3218 295 3283 munitus
318 3224 413 3304 atque
437 3241 479 3285 ex
503 3221 590 3284 omni
612 3227 703 3305 parte
727 3220 947 3304 circumcisum
969 3245 1060 3309 quem

156 3322 183 3385 si
204 3327 353 3387 tenerent
374 3323 486 3406 nostri,
510 3330 543 3388 et
558 3345 659 3409 aquae
675 3344 794 3407 magna
807 3329 899 3409 parte
915 3331 948 3390 et
963 3327 1059 3413 pabu-

122 3425 274 3494 sslatione
303 3426 404 3490 libera
430 3426 621 3511 prohibituri
649 3426 760 3492 hostes
789 3426 990 3495 videbantur.
1020 3430 1058 3493 si·
