2332 3892
515 225 549 274 11.
578 225 689 275 aa-so.
1007 228 1046 288 59

139 400 301 476 emerant,
331 396 471 481 capitum
498 419 648 460 numerus
677 398 718 460 ad
748 419 822 494 qum
850 396 969 462 relatus
1000 404 1049 460 est

139 500 263 562 milium
285 523 345 562 um.

203 602 363 667 XXXIV.
395 601 521 668 Eodem
543 610 691 690 tempore
715 606 786 669 aP.
804 605 929 687 Crasso,
953 625 1047 689 quem

140 729 214 770 oum
236 707 365 790 legione
388 728 452 770 una
475 710 604 771 miserat
627 708 667 771 ad
690 708 851 791 Venetos,
881 708 1047 789 Venellos,

141 810 307 892 Osismos,
334 810 559 894 Coriosolitas,
582 812 736 895 Esubios,
759 811 933 895 Aulercos,
959 812 1048 876 Rhe·

142 915 260 995 dones,
290 921 468 999 quaesunt
497 916 674 980 maritimae
701 916 845 980 civitates
870 915 1048 980 Oceanum-

141 1040 203 1104 que
228 1017 398 1101 attingunt
422 1019 539 1082 certior
562 1019 663 1083 faetus
687 1027 736 1084 est
760 1042 871 1085 omnes
896 1041 949 1083 eas
973 1021 1048 1083 oiri-

141 1123 255 1186 tates
246 1144 279 1185 rn
304 1121 462 1187 dicionem
491 1129 748 1208 potestatemque
776 1123 889 1209 populi
911 1123 1049 1187 Romani

124 1190 297 1293 redactas.

118 1322 122 1331 '
205 1329 346 1393 XXXV.
369 1268 481 1396 iruna
449 1333 597 1397 thuius
619 1334 697 1397 belli
713 1334 754 1397 ad
769 1333 923 1398 barbaros
940 1334 1047 1418 opinio
1071 1352 1081 1390 1

144 1434 270 1516 perlata
301 1438 365 1516 est,
397 1437 443 1499 uti
397 1436 554 1500 utab'
535 1459 573 1500 us
611 1423 885 1503 nationibuslmrt
862 1424 1050 1501 'atterenturi

143 1558 186 1617 ,se
211 1536 340 1600 obsides
365 1536 419 1600 dat
405 1542 492 1602 turas
499 1541 687 1625 ,imperata
654 1504 886 1640 tfaoturas[
902 1561 980 1624 quas
1002 1541 1048 1605 le·
1071 1559 1083 1597 2

144 1641 291 1723 gationes
315 1640 451 1722 Caesar,
482 1642 610 1726 quod
601 1664 634 1706 111
665 1644 792 1707 Italiam
820 1644 1048 1728 Illyricumque

144 1720 519 1851 properabat,sproxima
542 1752 664 1811 aestate
687 1745 728 1809 ad
751 1767 785 1810 se
808 1747 926 1812 reverti
948 1747 1049 1811 iussit.

144 1849 212 1932 ipse
235 1848 269 1910 in
299 1846 465 1930 Carnutes,
488 1847 610 1931 Andes,
634 1849 780 1913 Turones
804 1871 948 1934 quaeque
972 1850 1084 1914 oiri-s

144 1958 225 2015 tates
262 1951 460 2035 propinquae
497 1952 546 2015 his
581 1952 660 2016 loois
687 1956 806 2070 lerant,
775 1953 895 2016 tubi
927 1953 1049 2017 bellum

144 2060 297 2137 gesserat,
319 2053 501 2137 legionibus
525 2053 652 2119 dedunt
630 2061 669 2118 trs
682 2061 771 2118 1nt
740 2056 771 2118 It
772 2055 866 2120 aliam
889 2056 1050 2140 profectus

146 2163 200 2221 est.
179 2157 284 2220 tob
314 2178 430 2241 easque
460 2179 512 2222 res
542 2180 584 2223 ex
613 2159 649 2220 lit
636 2159 726 2222 tteris
752 2158 897 2222 Caesaris
924 2158 1086 2221 dierums

146 2259 326 2344 quindecim
349 2260 539 2345 supplicatio
565 2261 766 2327 deoretta
718 2268 766 2326 est
777 2311 785 2344 ,
810 2263 896 2347 quod
920 2268 993 2326 ante
961 2261 1050 2324 tid

128 2367 268 2459 *tempus
292 2362 408 2427 aooidit
429 2364 517 2427 nulli.
