2332 3892
449 259 470 309 1.
499 261 611 311 18-19.
940 262 978 322 13

74 434 107 498 in
137 434 215 497 alias
251 433 404 497 civitates.
459 434 567 498 favere
604 439 636 498 ot
672 454 788 516 cupere
820 433 1014 497 Helvetiiss

73 544 205 621 propter
221 558 291 602 eam
308 536 513 619 adfinitatem,
539 536 644 602 odisse
660 538 756 602 etiam
776 558 832 600 suo
849 537 979 600 nomine

76 640 246 704 Caesarem
263 645 296 704 et
311 640 486 722 Romanos,
505 640 592 724 quod
608 661 720 704 eorum
735 640 872 703 adventu
888 639 979 702 Divi·

74 746 175 808 tiaous
206 743 304 808 frater
332 745 365 807 in
396 745 561 827 antiquum
592 745 700 807 locum
731 745 853 827 gratiae
886 749 980 827 atque

75 849 207 912 honoris
229 849 270 911 sit
292 848 465 911 restitutus.
510 848 536 910 si
565 846 641 931 quid
671 847 794 910 accidat
815 846 980 929 Romanis,
1001 874 1014 912 s

32 995 34 999 ι
75 969 232 1016 summam
253 934 287 1012 in
309 971 400 1034 spem
429 971 488 1034 per
509 950 679 1013 Helvetios
701 952 793 1034 regni
817 951 982 1031 obtinendi

75 1057 204 1137 venire3
234 1055 368 1137 imperio
399 1055 511 1138 populi
542 1054 680 1117 Romani
714 1076 778 1118 non
811 1055 906 1118 modo
941 1055 980 1118 de

75 1179 175 1241 regno
207 1157 264 1222 sed
295 1159 391 1222 etiam
424 1158 463 1223 do
501 1179 555 1237 ea,
588 1178 683 1241 quarn
714 1158 847 1240 habeat,
879 1160 982 1242 gratia

77 1262 259 1346 desperare.
305 1262 415 1342 otiam,
447 1260 534 1344 quod
563 1262 722 1344 proelium
754 1268 900 1344 equestre
925 1263 980 1324 ad·
991 1288 1016 1326 10

75 1387 203 1430 versum
226 1365 334 1448 paucis
357 1370 430 1428 ante
454 1364 568 1428 diebus
592 1371 676 1428 esset
698 1365 833 1446 factum,
857 1366 981 1428 initium

75 1469 171 1551 fugae
194 1467 312 1530 factum
334 1489 353 1530 a
374 1467 575 1550 Dumnorige
598 1465 684 1546 (nam
702 1469 864 1552 equitatui,
888 1490 982 1553 quem

75 1570 184 1635 Aedui
199 1571 359 1652 miserant,
382 1570 565 1634 Dumnorix
580 1571 757 1654 praeerat):
781 1591 892 1634 eorum
908 1571 984 1654 fuga

76 1676 234 1759 reliquum
257 1696 326 1739 esse
350 1677 525 1759 equitatum
547 1672 772 1760 perterritum.‘

141 1777 236 1841 XIX.
275 1778 355 1842 Cum
378 1778 419 1841 ad
434 1779 490 1842 has
508 1780 704 1863 suspiciones
721 1779 915 1843 certissimae
931 1801 983 1844 res
1005 1805 1016 1843 1

78 1882 279 1964 accederent,
302 1881 389 1967 quod
410 1904 469 1967 per
484 1883 562 1947 fines
578 1883 799 1967 Sequanorum
815 1865 984 1947 Helvetios

77 1986 282 2068 traduxisset,
295 1986 382 2070 quod
395 1987 522 2051 obsides
537 1987 687 2050 intereos
698 1985 821 2049 dandos
833 1993 983 2067 curasset,

79 2091 167 2175 quod
183 2111 222 2154 ea
237 2091 344 2153 omnia
365 2111 430 2153 non
452 2089 550 2153 modo
566 2090 688 2152 iniussu
711 2109 767 2152 suo
792 2095 826 2153 et
848 2090 984 2154 civitatis

79 2193 136 2258 sed
160 2194 256 2257 etiam
279 2193 485 2256 inscientibus
507 2193 582 2276 ipsis
608 2192 751 2281 fecisset,
770 2192 856 2276 quod
877 2212 897 2254 a
916 2213 984 2255 ma-

80 2298 215 2381 gistratu
232 2295 422 2360 Aeduorum
444 2301 654 2377 accusaretur,
677 2282 754 2358 satis
777 2316 846 2358 esse
871 2316 985 2358 causae

81 2399 310 2480 arbitrabatur,
344 2420 441 2483 quaro
473 2399 506 2461 in
539 2419 613 2462 eum
648 2405 702 2462 aut
739 2399 808 2482 ipse
842 2397 984 2461 animad-

80 2507 221 2567 verteret
262 2508 317 2566 aut
351 2502 513 2566 civitatem
553 2502 807 2566 animadvertere
851 2502 985 2567 iuberet.

80 2607 127 2670 his
152 2606 299 2670 omnibus
321 2606 417 2671 rebus
432 2628 531 2670 unum
546 2607 755 2690 repugnabat,
780 2605 866 2689 quod
882 2606 986 2669 fratris
1008 2637 1020 2675 2

81 2729 239 2774 summum
267 2710 300 2773 in
321 2709 477 2793 populum
499 2708 681 2772 Romanum
712 2709 870 2791 studium,
900 2730 985 2772 sum-

82 2835 164 2876 mam
191 2813 224 2875 in
253 2833 287 2876 so
310 2814 525 2894 voluntatem,
556 2815 719 2896 egregiam
753 2813 868 2893 fidem,
897 2813 985 2875 iusti-

82 2917 174 2997 tiam,
210 2916 457 2998 temperantiam
491 2920 704 2997 oognoverat:
738 2936 778 2979 no
817 2915 884 2978 eius
920 2915 986 2977 ani-

82 3040 167 3082 mum
197 3017 391 3100 offenderet,
420 3019 600 3083 verebatur.
645 3019 754 3102 itaque
782 3018 870 3102 prius
892 3038 986 3101 quam
1009 3048 1021 3086 ³

83 3123 248 3205 quicquam
272 3128 440 3185 conaretur
461 3122 655 3186 Divitiacum
671 3121 712 3185 ad
727 3142 760 3184 se
777 3121 884 3184 vocari
899 3121 988 3184 iubet

84 3232 113 3287 et
128 3223 296 3288 cotidianis
311 3225 537 3309 interpretibus
550 3225 683 3288 remotis
696 3245 754 3309 per
771 3224 807 3288 C.
822 3223 987 3288 Valerium

83 3325 287 3408 Troucillum,
297 3327 474 3410 principem
482 3329 677 3411 provinciae,
687 3328 875 3390 familiarem
886 3348 987 3408 suum,

85 3431 131 3492 cui
153 3450 311 3493 summam
335 3429 476 3493 omnium
499 3451 606 3494 rerum
628 3431 725 3494 fidem
744 3429 893 3511 habebat,
917 3450 989 3492 cum
