2324 3900
451 269 474 320 1.
502 272 616 325 att-40.
952 273 992 335 27

93 439 248 505 »culorum
285 439 370 507 ferre
406 442 574 527 potuisse‘)
607 449 713 508 tantus
755 443 859 508 subito
888 445 995 508 ,timor

93 545 264 609 tomanum
294 547 471 611 exercitum
502 548 686 631 occupavit,
715 554 751 611 ut
779 569 845 611 non
869 547 992 612 medio-

93 647 176 712 :riter
213 649 356 712 omnium
392 657 517 716 mentes
555 650 742 735 animosque
780 652 1005 736 perturbaret.¹

93 751 129 816 ric
152 752 294 836 primum
327 758 414 817 ortus
438 758 488 818 est
510 774 529 818 a
551 754 686 818 tribunis
709 755 865 834 militum,
899 775 991 839 prae·
1014 767 1027 804 2

93 856 172 920 eatis
195 856 407 940 reliquisque,
438 857 492 943 qui
524 879 566 922 ex
592 859 671 924 urbe
697 859 867 924 Gaesarem
891 861 992 924 secuti

93 980 143 1024 ron
155 979 310 1042 magnum
322 960 354 1023 in
369 981 404 1025 re
418 962 547 1026 militari
559 985 652 1027 usum
662 962 841 1029 habebant:
856 985 993 1049 quorum
1014 982 1027 1020 ³

93 1063 172 1127 tliusr
185 1063 248 1128 alia
271 1085 366 1128 causa
388 1065 486 1128 inlata
507 1065 655 1149 petebat,
677 1073 713 1130 ut
736 1067 803 1131 eius
826 1068 991 1133 voluntate

93 1164 248 1231 decedere
283 1167 411 1248 liceret3
441 1169 586 1232 nonnulli
619 1168 745 1254 pudore
779 1169 925 1254 adducti,
956 1177 992 1234 ut

93 1271 203 1336 imoris
240 1272 456 1356 suspicionem
492 1273 650 1356 vitarent,
682 1273 902 1338 remanebant.
956 1275 1026 1338 hi*

93 1396 184 1462 reque
214 1376 338 1439 vultum
366 1377 489 1460 fingere
517 1395 624 1462 neque
654 1376 815 1442 interdum
844 1377 991 1442 lacrimas

93 1499 191 1543 enere
213 1484 383 1564 poterant:
406 1479 507 1544 abditi
529 1480 563 1543 in
585 1481 798 1545 tabernaculis
821 1487 876 1544 aut
898 1502 991 1545 suum

93 1587 180 1646 atum
217 1583 432 1666 querebantur
468 1590 523 1648 aut
561 1604 634 1647 cum
676 1583 884 1647 familiaribus
926 1585 990 1648 suis

93 1706 260 1750 zommune.
306 1685 422 1750 horum
455 1688 587 1752 vocibus
619 1709 656 1752 ac
690 1688 804 1752 timore
836 1688 1027 1772 paulatimo

93 1786 177 1853 aiam
216 1789 334 1854 milites
375 1791 643 1876 centurionesque
681 1791 798 1875 quique
836 1791 991 1874 equitatui

93 1897 250 1957 »raeerant
278 1893 557 1978 perturbabantur.
594 1895 648 1980 qui
675 1917 709 1960 se
733 1894 837 1959 minus
859 1895 989 1959 timidos
1011 1911 1024 1951 ⁶

93 1996 257 2060 *xistimari
279 1998 441 2081 volebant,
463 2020 528 2063 non
546 2021 581 2064 se
597 2001 724 2064 hostem
745 1998 804 2063 sed
827 2000 989 2083 angustias

93 2099 222 2180 tineris‚
260 2101 515 2185 magnitudinem
552 2103 721 2183 silvarum,
765 2123 846 2187 quae
890 2103 988 2167 inter·

93 2201 250 2285 ederent,
281 2211 337 2268 aut
358 2224 427 2269 rem
457 2205 712 2289 frumentariam,
743 2212 780 2269 ut
802 2208 877 2271 satis
902 2227 989 2271 com·

93 2305 175 2369 node
207 2308 390 2391 supportari
418 2313 544 2394 posset,
574 2309 689 2374 timere
713 2308 870 2374 dicebant.
908 2325 1022 2374 non-⁷

93 2410 160 2473 lulli
185 2411 282 2475 etiam
306 2410 437 2475 ansari
459 2412 623 2494 nuntiant,
646 2433 719 2477 cum
741 2418 844 2475 castra
866 2413 990 2478 moveri

93 2513 239 2594 ussisset,
262 2532 328 2576 non
349 2512 418 2578 iore
442 2513 528 2579 dicto
551 2514 719 2580 audientes
742 2514 860 2579 milites
883 2528 989 2647 neque

94 2614 170 2700 igne
192 2616 238 2679 lat
225 2620 324 2680 turos.

139 2717 211 2782 XL.
256 2719 348 2785 Haec
380 2741 452 2785 cum
485 2721 779 2805 animadvertisset,
750 2727 1022 2788 toonvooat01

96 2821 214 2886 oncilio
246 2823 390 2887 omnium
420 2823 568 2888 ordinum
589 2825 762 2892 vehement
749 2831 799 2890 ter
833 2826 990 2891 incusavit

93 2926 236 3008 trimum,
270 2925 376 3010 quod,
409 2934 465 2992 aut
496 2949 591 3013 quam
622 2929 655 2993 in
685 2935 810 3014 partem
841 2937 897 2994 aut
925 2951 988 3016 quo

95 3029 211 3094 onsilio
237 3028 440 3113 ducerentur,
463 3032 523 3096 sibi
539 3032 759 3119 quaerendum
774 3040 830 3097 aut
845 3035 988 3118 cogitan-

93 3155 151 3198 .um
167 3137 330 3218 putarent.
363 3134 574 3218 ,Ariovistum
588 3156 623 3201 se
640 3136 771 3201 consule
784 3136 989 3222 cupidissime
1010 3160 1038 3198 a·

93 3239 186 3324 ›opuli
216 3237 357 3303 Romani
389 3239 559 3303 amicitiam
597 3237 776 3322 adpetisse:
817 3259 874 3302 cur
904 3239 989 3304 hunc

93 3363 138 3407 un
182 3347 309 3407 temere
353 3344 519 3428 quisquam
554 3341 595 3406 ab
633 3341 737 3405 officio
777 3340 989 3407 discessurum
1044 3353 1046 3360 '

93 3446 265 3513 udicarett'
291 3445 352 3510 sibi
383 3445 512 3531 quidem
541 3443 726 3529 persuaderi
757 3445 893 3529 cognitis
922 3448 987 3511 suis
1010 3467 1032 3506 a·

788 3545 830 3598 μ
