2332 3892
482 239 626 290 Praelatio.
874 264 880 275 r
970 257 1011 296 vn

96 416 216 500 quique
245 412 497 498 ,Philologische
520 409 707 496 Streilziige‘
729 409 943 494 inscribitur),
978 413 1011 476 in

96 537 160 602 hac
184 536 327 600 editione
350 556 416 599 non
440 534 518 598 duxi
540 533 737 618 temptanda.

163 658 209 722 At
231 658 296 739 iam
318 658 517 742 intellegitur
540 657 634 721 huius
648 657 759 738 libelli,
784 658 874 722 cuius
891 658 1009 722 editio·

99 802 175 844 nem
204 788 269 843 tam
299 778 354 843 diu
382 779 558 843 retardavit
581 778 696 843 indicis
718 779 891 843 verborum
914 801 1008 864 prae-

97 903 233 987 parati0,
249 902 314 966 fata
329 900 474 965 nondum
490 923 561 967 esse
578 902 735 967 exhausta
751 908 848 987 atque
865 903 1009 987 ingenue

98 1026 265 1092 fatendum
301 1047 392 1108 eum,
424 1047 498 1088 cum
533 1025 651 1089 iterum
682 1023 842 1109 prodibit,
879 1047 1010 1110 prorsus

100 1149 199 1212 alium
220 1149 362 1212 futurum
385 1150 552 1233 multoque
571 1149 669 1212 etiam
686 1149 868 1214 breviorem
886 1155 918 1214 et
935 1171 1011 1213 oon·

99 1272 278 1337 cinniorem
307 1292 490 1337 sermonem
514 1270 753 1335 Caesarianum.
784 1270 842 1334 sed
866 1293 906 1337 ne
930 1271 1010 1336 levi-

99 1399 200 1458 tatem
224 1414 327 1458 meam
352 1413 498 1476 accuses,
530 1414 602 1457 cum
625 1393 770 1458 libellum
795 1392 889 1458 edam
914 1415 1010 1478 quem

101 1516 323 1601 castigandum
353 1518 449 1580 etiam
481 1523 576 1603 atque
607 1518 704 1582 etiam
727 1519 779 1582 vel
802 1517 871 1600 ipse
895 1538 1011 1582 conce·

101 1639 192 1702 dam:
222 1645 295 1702 sunt
324 1644 374 1702 tot
395 1639 483 1721 loca,
514 1659 596 1723 quae
620 1659 637 1701 a
660 1660 712 1704 me
742 1660 872 1723 prorsus
902 1639 947 1702 ita
976 1645 1012 1702 ut

101 1759 281 1823 debuerunt
318 1765 429 1824 sanata
466 1758 597 1823 codices
636 1760 708 1844 plus
756 1767 885 1826 centum
928 1781 1010 1846 quae

100 1880 206 1944 adhuc
240 1881 387 1965 pervolui
417 1881 620 1966 confirmant,
660 1889 696 1946 ut
725 1883 795 1947 iure
826 1884 1010 1948 existimem

99 2025 195 2087 posse
219 2004 416 2069 contendere
439 2005 586 2070 libellum
608 2005 702 2088 hunc,
727 2027 823 2089 quem
847 2006 1010 2089 corrigere

98 2126 317 2191 Vindobonae
340 2129 451 2214 coepi,
480 2129 606 2193 Romae
636 2128 835 2211 continuavi,
868 2127 1009 2192 Londini

98 2248 298 2332 praefatione
321 2249 467 2333 instruxi,
491 2251 618 2315 veniam
641 2250 734 2316 facile
751 2252 1009 2334 impetraturum.

169 2460 297 2527 Londini,
316 2476 339 2510 a.
360 2461 385 2510 d.
403 2462 467 2512 XII.
486 2463 548 2511 Kal.
570 2461 711 2513 Octobres.
