2332 3892
464 793 611 867 LIBER
635 794 699 868 IV.

192 962 221 1026 I.
259 963 308 1027 Ea
336 962 442 1028 hieme
473 961 543 1048 (qui
569 965 629 1028 fuit
657 985 758 1028 annus
788 963 845 1030 On.
869 965 1036 1050 Pompeio,
1059 983 1071 1022 1

123 1067 172 1132 M.
191 1067 307 1131 Crasso
329 1067 527 1148 consulibus)
542 1067 694 1150 Usipetes
711 1073 743 1131 et
759 1062 905 1131 Tencteri
920 1089 1038 1152 magna

124 1169 335 1233 multitudine
365 1171 558 1234 transierunt
589 1190 654 1233 non
683 1168 780 1253 longe
803 1192 822 1233 a
845 1171 942 1253 mari,
974 1193 1037 1256 quo

125 1273 264 1337 Rhenus
291 1272 402 1336 influit.
440 1293 535 1336 causa
563 1274 749 1338 transeundi
778 1275 855 1358 fuit,
888 1276 973 1359 quod
997 1276 1072 1340 aba

126 1375 245 1440 Suebis
279 1377 458 1460 complures
492 1398 592 1440 annos
625 1377 779 1461 exagitati
812 1378 881 1462 agri
915 1379 1038 1442 cultura

125 1478 391 1564 prohibebantur.
429 1478 609 1544 Sueborum
623 1502 702 1564 gens
719 1487 768 1546 est
782 1483 879 1565 longa
895 1483 1037 1545 maxima
1058 1512 1071 1549 a

102 1588 164 1647 ‘et
206 1581 448 1646 bellicosissima
486 1583 721 1661 Germanorum
761 1585 912 1649 omnium.
962 1606 1072 1650 cen-4

127 1691 198 1748 tum
220 1706 323 1769 pagos
344 1685 462 1750 h'abere
487 1685 641 1769 dicuntur,
666 1688 843 1771 exquibus
867 1689 1036 1773 quotannis

128 1787 256 1869 singula
286 1787 374 1851 milia
404 1793 600 1855 armatorum
643 1790 793 1855 educunt.
845 1792 960 1875 reliqui
1001 1812 1071 1855 ses

130 1895 228 1973 atque
251 1890 323 1954 illos
346 1891 449 1972 alunt3
479 1891 513 1954 hi
539 1877 648 1960 rursus
678 1914 760 1957 anno
790 1900 863 1978 post
885 1895 918 1957 in
940 1895 1036 1961 armis

127 2000 212 2057 sunt.
260 1994 306 2057 sic
341 2015 446 2079 neque
481 1996 551 2078 agri
583 1996 706 2059 cultura
734 2017 794 2060 nec
828 1997 907 2061 ratio
940 2004 1070 2082 atques

126 2119 203 2161 usus
235 2097 312 2161 belli
356 2099 585 2163 intermittitur.
631 2099 688 2163 sed
726 2101 837 2184 privati
874 2122 911 2165 ac
942 2122 1069 2185 sepa-s

126 2203 187 2263 rati
217 2201 287 2283 agri
310 2201 394 2284 apud
418 2222 474 2266 eos
497 2201 575 2265 nihil
599 2208 648 2265 est
673 2224 777 2288 nequa
800 2204 927 2287 longius
950 2225 1033 2268 anno

126 2323 293 2367 remancre
316 2323 380 2367 uno
405 2305 436 2367 in
459 2305 531 2368 loco
557 2305 641 2368 licet.
680 2327 784 2390 neque
811 2308 945 2370 multum
968 2307 1033 2370 fru·
1056 2338 1068 2375 s

127 2411 236 2471 mento
264 2404 323 2470 sed
349 2407 522 2470 maximam
545 2414 670 2492 partem
692 2411 775 2473 lacte
798 2416 892 2494 atque
911 2428 1033 2494 pecore

126 2511 238 2573 vivunt
269 2511 467 2595 multumque
499 2518 573 2575 sunt
609 2513 641 2575 in
679 2512 918 2593 venationibus3
951 2534 1067 2597 quaa„

126 2635 177 2679 res
201 2619 234 2678 et
258 2613 320 2676 cibi
342 2634 462 2697 genere
486 2620 519 2678 et
541 2613 715 2678 cottidiana
744 2616 976 2679 exercitatione
1001 2620 1033 2680 et

126 2717 276 2781 libertato
292 2716 376 2780 vitae
400 2738 419 2780 a
439 2717 548 2800 pueris
563 2719 650 2781 nullo
675 2718 780 2781 officio
796 2724 851 2781 eut
867 2716 1033 2800 disciplina

126 2818 330 2883 adsuefactos
367 2825 400 2884 et
430 2820 514 2883 vires
555 2819 611 2882 alit
643 2826 676 2884 et
707 2821 827 2884 inmani
861 2842 1032 2904 corporum

127 2920 348 3004 magnitudine
378 2922 524 2985 homines
551 2921 642 2985 facit:
673 2929 769 3006 atque
791 2923 870 2986 locis
893 2923 1030 3006 frigidis·
1041 2960 1065 2998 10

127 3025 214 3087 simis
236 3045 342 3108 neque
372 3025 505 3088 vestitus
528 3031 656 3108 praeter
678 3025 780 3110 palles
803 3025 922 3089 habent
944 3026 1030 3108 quic-

126 3149 219 3210 quam
251 3126 400 3212 (quarum
431 3135 563 3212 propter
595 3130 805 3212 exiguitatem
835 3149 951 3212 magna
983 3135 1031 3192 est

127 3230 269 3313 corporis
298 3250 371 3313 pars
394 3229 517 3313 aperta)
548 3235 581 3292 st
611 3230 757 3294 lavantur
784 3232 817 3294 in
838 3232 1030 3296 fluminibus.

189 3331 235 3394 ΙΙ.
266 3332 498 3396 Mercatoribus
528 3338 578 3396 est
600 3331 704 3397 aditus
727 3333 844 3415 magis,
874 3339 924 3414 ut,
948 3354 1028 3418 quas
1052 3367 1063 3406 1
