2332 3892
485 212 563 263 VIII.
593 214 669 264 7—8.
971 211 1033 273 211

119 387 287 451 excelsum
316 386 349 449 in
381 385 461 448 silva
491 384 688 449 circumdata
717 384 835 468 palude
867 383 1039 469 delegisse,

117 480 345 575 inpedimenta
368 490 400 553 in
419 489 590 554 ulteriores
613 490 709 557 silvas
735 489 917 554 contulisse.
951 509 1039 552 com·

117 596 229 680 plures
262 614 333 657 esse
365 593 528 677 principes
566 593 663 676 belli,
701 592 760 657 sed
797 591 1040 656 multitudinem

120 699 265 763 maxime
296 695 416 763 Correo
451 697 693 782 obtemperare,
725 698 813 782 quod
845 699 875 762 ei
913 717 1041 761 summo

122 824 194 868 esse
229 801 304 868 odio
337 823 456 868 nomen
487 803 601 886 populi
624 803 766 868 Romani
794 802 1042 867 intellexissent.

121 908 235 993 paucis
258 913 333 971 ante
362 904 476 970 diebus
499 905 691 971 Atrebatem
716 906 899 971 Commium
922 904 1041 968 disces·
1064 927 1079 963 5

124 1013 206 1077 sisse
230 1010 272 1075 ad
291 1010 412 1074 auxilia
429 1011 667 1076 Germanorum
681 1010 882 1092 adducenda,
906 1030 1041 1094 quorum

125 1122 158 1180 et
181 1114 331 1180 vicinitas
352 1115 533 1198 propinqua
555 1120 588 1178 et
602 1113 774 1179 multitudo
800 1119 886 1178 esset
908 1114 1041 1179 infinita.

126 1218 333 1284 constituisse
357 1225 466 1283 autem
480 1218 674 1283 Bellovacos
698 1220 841 1283 omnium
863 1220 1043 1304 principum
1066 1237 1082 1274 s

127 1343 298 1402 consensu,
322 1344 447 1387 summa
468 1323 578 1407 plebei
601 1323 777 1408 eupiditate
800 1317 845 1406 ‘si,
869 1330 905 1387 ut
920 1323 1046 1388 dicere·

126 1436 194 1512 tur,
220 1449 292 1491 cum
315 1429 416 1492 tribus
439 1426 622 1512 legionibus
645 1429 785 1510 veniret,
816 1428 1046 1511 dimicandum,

127 1554 170 1599 ne
202 1533 370 1598 miseriore
403 1554 440 1596 ac
472 1532 600 1598 duriore
638 1532 827 1598 condicione
866 1552 939 1596 cum
975 1538 1044 1596 toto

131 1637 278 1702 exercitu
301 1636 467 1701 decertare
491 1643 698 1721 cogerentur;
723 1637 751 1700 si
772 1637 912 1702 maiores
936 1638 1084 1721 copiast

131 1739 324 1822 adduceret,
347 1740 381 1803 in
404 1761 443 1805 eo
466 1740 539 1805 loco
563 1747 763 1825 permanere,
788 1761 884 1824 quem
908 1740 1047 1825 delegis·
1120 1794 1122 1799 .

130 1850 213 1926 sent,
236 1843 444 1927 pabulatione
468 1850 586 1926 autem,
610 1864 692 1927 quae
714 1850 847 1928 propter
869 1844 943 1909 anni
966 1851 1048 1908 tem·

128 1968 190 2032 pus
215 1968 288 2010 cum
311 1947 430 2030 exigua
459 1953 528 2011 tum
558 1946 695 2010 disiecta
719 1954 821 2030 esset,
852 1955 885 2013 et
907 1948 1048 2012 frumen-

129 2044 253 2117 tatione
277 2058 310 2116 et
324 2052 448 2136 reliquo
466 2059 648 2117 commeatu
664 2052 836 2136 prohibere
850 2050 1048 2117 Romanos’.‘

195 2153 293 2220 VIII.
325 2154 415 2230 Quae
440 2155 559 2220 Caesar
589 2177 662 2220 oum
685 2165 858 2242 cognosset
881 2163 976 2242 atque
1000 2179 1085 2239 ea,1

131 2279 214 2345 quae
252 2267 526 2343 proponerentur,
566 2260 701 2324 consilia
731 2261 829 2344 plena
859 2259 1049 2344 prudentiae

129 2364 295 2448 longeque
324 2384 343 2427 a
371 2364 553 2427 temeritate
582 2364 794 2431 barbarorum
823 2372 948 2439 remota
978 2386 1049 2429 esse

130 2468 308 2550 iudicaret,
332 2468 480 2532 omnibus
502 2468 743 2533 inserviendum
767 2471 888 2552 statuit,
912 2490 974 2552 quo
999 2491 1050 2533 ce-

129 2573 232 2638 lerius
260 2572 371 2637 hostes
404 2578 589 2655 contempta
620 2573 783 2656 paucitate
817 2572 986 2655 prodirent
1017 2574 1051 2637 in

131 2677 246 2742 aciem.
301 2676 471 2761 singularis
509 2677 595 2741 enirn
626 2677 753 2741 virtutis
784 2679 974 2743 veterrimas
1004 2679 1088 2742 le-2

132 2781 248 2864 giones
269 2803 330 2863 vn,
352 2804 423 2863 vm,
444 2804 487 2845 11.
507 2780 657 2862 habebat,
680 2803 823 2846 summae
847 2783 918 2865 spei
932 2783 1051 2846 lectae·

134 2905 194 2970 que
218 2884 395 2949 iuventutis
417 2908 477 2967 xa,
501 2906 582 2968 quae
607 2892 721 2951 octavo
745 2887 905 2971 stipendio
930 2888 963 2951 in
987 2888 1052 2953 col·

133 2989 255 3054 latione
278 2989 476 3072 reliquarum
501 2987 647 3052 nondum
670 2988 807 3053 eandem
830 2997 959 3074 ceperat
983 2991 1050 3073 opi-

134 3093 275 3158 monem.
314 3092 422 3175 itaque
446 3092 580 3156 oonsilio
604 3093 762 3157 advocato
785 3094 882 3158 rebus
895 3094 945 3176 iis,
969 3114 1089 3177 quaes

137 3195 233 3260 adse
258 3202 366 3260 essent
390 3195 532 3278 delatae,
566 3197 714 3262 omnibus
746 3198 902 3280 expositis
927 3197 1051 3261 animos

138 3299 351 3365 multitudinis
390 3300 566 3365 confirmat.
622 3301 649 3364 si
685 3301 768 3366 forte
807 3301 917 3365 hostes
955 3301 1052 3364 trium

138 3403 301 3487 legionum
317 3424 451 3466 numero
469 3409 580 3486 posset
599 3403 727 3486 elicere,
752 3405 888 3490 agminis
906 3403 1052 3468 ordinem
1100 3464 1104 3471 .
