2332 3892
184 230 245 292 180
535 231 598 282 v11.
624 231 736 283 ro-rt.

179 407 297 484 monet,
319 407 356 466 ut
379 403 712 485 contineantmilites,
735 423 777 466 ne
801 403 908 468 studio
925 403 1076 488 pugnandi

144 527 157 569 a
180 513 234 569 aut
256 526 313 590 spe
336 507 474 591 praedae
496 508 624 592 longius
646 507 912 592 progrediantur;
936 508 1013 591 quid
1028 508 1075 571 ini·

179 611 282 693 quitas
305 609 369 673 loci
391 609 524 691 habeat,
547 611 714 694 proponit3
744 610 816 692 ,hoc
838 632 904 675 una
927 611 1074 675 celeritate

145 733 273 796 roposse
303 712 435 793 mutari3
466 713 643 777 occasionis
666 733 746 795 esse,
769 734 835 778 non
856 710 994 797 proelii‘.
1024 714 1074 778 alio

179 837 313 881 ascensu
336 816 452 881 eodem
474 823 620 902 tempore
642 815 778 883 Aeduos
799 819 909 883 mittit.
1005 835 1008 847 ·

145 941 157 980 1
242 919 362 984 XLVI.
393 921 504 985 Murus
527 921 567 986 ab
587 921 728 1004 planicie
746 927 836 985 recta
850 923 986 1006 regione
1002 923 1074 986 mille

120 1047 138 1085 a
151 1046 164 1084 ³
179 1048 214 1089 oo
242 1044 354 1108 passus
378 1025 496 1088 aberat.
528 1024 676 1094 amedio
699 1024 767 1089 fere
791 1026 890 1110 crolle,
920 1034 958 1091 ut
979 1035 1076 1093 natura

179 1129 297 1192 montis
324 1128 463 1211 ferebat,
495 1148 536 1192 ex
565 1129 739 1213 grandibus
767 1130 854 1193 saxis
885 1151 944 1194 sex
971 1131 1076 1215 pedum

179 1252 305 1295 murum
333 1232 572 1316 praeduxerant
596 1231 681 1297 Galli
709 1238 804 1316 atque
827 1233 981 1299 inferiore
1004 1234 1075 1300 omni

180 1336 282 1419 spatio
320 1358 421 1401 vacuo
458 1337 570 1402 relicto
610 1338 808 1422 superiorem
842 1344 970 1421 partem
1001 1338 1075 1403 collis

179 1460 279 1523 usque
298 1440 340 1504 ad
356 1462 482 1505 murum
497 1440 696 1505 densissimis
713 1439 824 1505 castris
841 1442 1075 1526 compleverant.

144 1567 158 1604 ι
179 1544 297 1608 milites
328 1545 402 1610 dato
433 1546 524 1630 signo
551 1545 697 1610 celeriter
720 1545 761 1609 ad
783 1545 997 1611 munitionem
1016 1565 1074 1630 per·

145 1648 311 1711 eveniunt
336 1668 469 1731 eamque
493 1649 684 1733 transgressi
707 1648 817 1712 castris
840 1651 1020 1733 potiuntur;
1046 1669 1074 1712 ac

178 1755 266 1814 tanta
275 1751 336 1815 fuit
346 1752 500 1834 celeritas,
511 1759 547 1816 ut
556 1752 775 1836 Tectomatus,
784 1753 1073 1839 rexNitiobrogun,

179 1853 284 1918 subito
307 1855 341 1918 in
363 1855 568 1919 tabernaculo
593 1876 774 1940 oppressus,
797 1860 833 1918 ut
855 1857 992 1922 meridie
1014 1876 1074 1920 con·

179 1959 358 2041 quieverat,
389 1960 554 2044 superiore
577 1966 668 2044 parte
690 1959 791 2042 nuda,
814 1959 983 2025 vulnerato
1006 1977 1073 2042 equo

178 2062 234 2126 vix
257 2082 291 2125 se
316 2082 357 2125 ex
379 2062 526 2126 manibus
548 2061 772 2145 praedantium
786 2061 925 2127 militum
942 2064 1074 2148 eriperet.

144 2195 156 2234 1
242 2164 379 2229 XLVII.
413 2164 612 2230 Consecutus
641 2165 689 2247 id,
720 2164 806 2248 quod
836 2165 945 2231 animo
972 2185 1074 2251 propo·

179 2275 300 2351 suerat,
326 2268 443 2333 ansar
464 2269 609 2351 receptui
633 2288 747 2336 canere
769 2268 863 2331 iussit
885 2268 1073 2354 legionisque

144 2399 157 2437 a
179 2374 331 2455 decimae,
348 2392 484 2456 quacum
494 2378 571 2454 erat,
584 2372 675 2456 signa
685 2371 878 2435 consistere:
893 2372 1075 2456 reliquarum

178 2477 342 2559 legionum
371 2476 488 2539 milites
516 2497 581 2540 non
610 2475 719 2540 audito
749 2474 846 2539 tubae
874 2495 973 2558 sono,
1003 2471 1075 2560 quod

179 2580 254 2642 satis
277 2600 392 2662 magna
406 2579 506 2658 valles
520 2578 748 2661 intercedebat,
772 2584 881 2642 tamen
897 2579 938 2643 ab
954 2577 1074 2643 tribunis

178 2681 316 2744 militum
333 2680 522 2764 legatisque,
545 2688 580 2745 ut
596 2687 664 2745 erat
680 2703 700 2745 a
715 2680 852 2745 Caesare
868 2689 1074 2768 praeceptum,

143 2785 408 2865 aretinebantur3
442 2784 500 2848 sed
531 2787 606 2850 elati
638 2807 695 2870 spe
727 2786 840 2850 celeris
869 2788 1023 2853 victoriae
1050 2789 1075 2848 et

180 2889 378 2972 superiorum
399 2894 582 2972 temporum
597 2889 746 2954 secundis
761 2889 893 2973 proeliis
908 2892 991 2955 nihil
1005 2889 1074 2955 adeo

179 2991 313 3055 arduum
328 2989 389 3054 sibi
404 2992 596 3075 existimant,
618 2992 704 3075 quod
718 3013 784 3056 non
798 2991 917 3056 virtute
935 2989 1075 3075 consequi

178 3100 318 3178 possent,
333 3114 437 3177 neque
452 3094 549 3157 finem
563 3095 652 3177 prius
667 3093 823 3178 sequendi
836 3094 983 3160 fecerunt
993 3114 1076 3179 quam

144 3219 269 3262 rmuro
300 3196 468 3282 portisque
496 3197 800 3281 adpropinquarunt.
837 3203 907 3260 turn
937 3219 1014 3263 vero
1043 3215 1076 3259 ex

181 3303 326 3367 omnibus
341 3300 484 3386 partibus
497 3308 566 3365 orto
579 3302 727 3383 clamore,
745 3302 799 3384 qui
806 3300 936 3384 longius
946 3302 1074 3380 aberant,

180 3406 346 3489 repentino
362 3405 500 3468 tumultu
515 3406 684 3488 perterriti,
705 3426 777 3468 cum
792 3405 875 3468 intra
890 3413 1000 3489 portas
1015 3420 1075 3469 csse
