2332 3892
487 250 550 302 v11.
578 253 689 303 co-ca.
982 253 1042 316 137

198 421 270 486 LX.
308 423 373 488 Sub
407 444 578 508 vesperum
608 425 743 490 concilio
782 433 957 491 convocato
992 447 1078 491 oo-1

136 527 297 610 hortatus,
322 534 358 592 ut
389 548 442 611 ea,
468 549 550 612 quae
576 531 775 614 imperasset,
801 531 972 615 diligenter
996 532 1044 595 in·

137 631 323 716 dustrieque
364 634 639 719 administrarent,
670 656 785 717 naves,
818 655 894 718 quas
929 633 1044 698 Metio-

137 737 215 801 sedo
262 735 459 820 deduxerat,
504 739 644 823 singulas
689 739 848 822 equitibus
891 737 1045 802 Romanis

137 840 291 905 adtribuit
320 848 352 905 et
379 843 482 925 prima
513 843 658 907 confecta
680 843 792 927 vigilia
812 867 842 906 1v
863 843 952 906 milia
973 863 1045 926 pas·

137 965 231 1008 suum
263 944 403 1009 seeundo
435 947 565 1010 flumine
603 947 729 1011 silentio
761 945 914 1031 progredi
945 945 1045 1009 iubet.

137 1048 278 1131 quinque
303 1048 461 1132 cohortes,
486 1070 564 1133 quas
595 1051 725 1115 minime
748 1051 853 1114 firmas
883 1049 1079 1115 eseconis

138 1153 303 1235 stimabat,
342 1154 453 1217 castris
497 1154 659 1238 praesidio
696 1155 861 1238 relinquit;
906 1155 1077 1237 quinques

138 1255 284 1320 eiusdem
312 1256 449 1340 legionis
476 1257 615 1342 reliquas
643 1258 684 1322 de
712 1258 821 1322 media
848 1265 943 1322 nocte
975 1279 1047 1322 cum

139 1360 287 1424 omnibus
324 1360 551 1444 inpedimentis
587 1361 722 1427 adverso
759 1362 889 1426 flumine
928 1383 1045 1446 magno

138 1465 277 1528 tumultu
298 1465 406 1528 mittit.
437 1466 507 1548 ipse
529 1473 604 1550 post
625 1466 721 1549 paulo
746 1466 872 1530 silentio
898 1486 1046 1549 egressus
1066 1482 1080 1522 4

139 1588 213 1631 cum
227 1566 331 1630 tribus
345 1567 528 1652 legionibus
544 1590 618 1633 eum
632 1569 740 1633 looum
754 1570 845 1652 petit,
869 1589 932 1653 quo
947 1590 1046 1634 naves

140 1672 259 1755 appelli
280 1672 425 1736 iusserat.

203 1773 290 1838 LXI.
320 1774 552 1858 Exploratores
584 1776 740 1858 hostium,
772 1783 807 1840 ut
840 1777 926 1841 omni
956 1783 1080 1861 parter

141 1885 231 1942 erant
244 1878 401 1962 dispositi,
417 1878 620 1961 inopinantes
635 1879 870 1967 opprimuntur,
889 1880 1047 1943 exereitus
1069 1904 1081 1943 s

141 1984 364 2066 equitatusque
388 1983 547 2065 equitibus
566 1981 722 2046 Romanis
743 1982 1046 2067 administrantibus,

140 2107 220 2169 quos
237 2086 268 2150 ei
281 2086 412 2170 negotio
426 2087 633 2170 praefecerat,
654 2087 799 2150 celeriter
814 2089 1047 2151 transmittitur.

139 2211 203 2255 uno
234 2189 302 2254 fere
334 2196 479 2274 tempore
509 2190 656 2255 hostibus
684 2191 846 2255 nuntiatur
874 2191 907 2255 in
937 2191 1081 2255 castriso

139 2293 370 2358 Romanorum
381 2301 509 2378 praeter
532 2294 796 2358 consuetudinem
814 2295 999 2358 tumultuari
1015 2303 1048 2360 et

141 2418 292 2481 magnum
313 2398 361 2461 ire
379 2419 497 2482 agmen
512 2398 647 2463 adverso
662 2399 791 2462 flumine
809 2404 840 2461 et
855 2398 951 2481 paulo
967 2398 1048 2462 infra

141 2502 258 2566 milites
280 2501 415 2567 navibus
431 2503 649 2587 transportari.
680 2501 794 2584 quibus
809 2502 905 2565 rebus
921 2501 1047 2585 auditis,
1069 2521 1081 2559 4

141 2605 227 2689 quod
251 2605 492 2688 existimabant,
521 2606 623 2670 tribus
645 2605 725 2669 locis
747 2607 880 2669 transire
903 2605 1048 2689 legiones

141 2716 237 2792 atque
261 2730 372 2773 omnes
388 2708 590 2792 perturbatos
613 2710 722 2792 fugam
736 2729 858 2792 parare,
883 2729 955 2772 suas
971 2728 1048 2791 quo·

142 2833 204 2897 que
221 2812 331 2896 copias
346 2813 380 2879 in
394 2818 459 2876 tres
474 2819 582 2895 partes
599 2812 837 2876 distribuerunt.
869 2832 944 2875 nam
958 2831 1049 2894 prae·
1070 2830 1082 2867 ⁶

125 2915 223 2980 ‘sidio
249 2935 266 2978 e
289 2915 422 2998 regione
447 2922 621 2979 castrorum
643 2915 755 2977 relicto
780 2920 812 2976 et
833 2934 931 2996 parva
953 2935 1048 2976 manu

136 3018 357 3115 'Metiosedum
378 3039 489 3083 versus
512 3020 609 3082 missa
631 3019 769 3100 reliquas
802 3019 909 3101 copias
940 3023 1050 3080 contra

143 3121 320 3186 Labienum
343 3121 510 3186 duxerunt.
892 3137 895 3145 ’

207 3224 313 3289 LXII.
352 3225 461 3288 Prima
496 3225 567 3288 luce
606 3231 638 3288 et
673 3225 774 3289 nostri
813 3243 923 3288 omnes
959 3227 1080 3288 erant1

146 3327 349 3412 transportati
382 3334 414 3390 et
448 3329 589 3396 hostiurn
621 3328 706 3392 acies
738 3327 935 3392 cernebatur.
988 3325 1080 3389 Lan

146 3432 257 3496 bienus
280 3430 397 3494 milites
423 3430 615 3512 cohortatus,
639 3437 674 3494 ut
696 3431 848 3514 pristinae
867 3430 992 3494 virtutis
1016 3437 1048 3492 et

814 3538 826 3584 1
832 3539 844 3584 1
852 3532 867 3565 ’h
875 3531 891 3564 ’h
