2332 3892
494 241 545 290 111.
575 243 686 292 raam.
998 243 1037 304 67

127 433 254 478 cessum
271 416 378 477 aestus
394 412 544 497 excipere
560 420 707 499 possent,
732 435 847 499 prorae
864 413 1039 478 admodum
1061 432 1073 470 2

127 525 275 600 erectae,
309 524 404 600 atque
439 519 516 581 item
549 539 675 602 puppes
709 518 749 581 ad
784 519 1038 602 magnitudinem

125 624 283 686 fluctuum
311 629 601 708 tempestatumque
625 623 909 704 adcommodatae3
940 644 1038 687 naves
1061 639 1073 676 ³

127 733 216 790 totae
246 725 349 790 factae
373 747 414 790 ex
437 727 553 791 robore
586 727 628 790 ad
651 728 794 812 quamvis
817 729 882 791 vim
906 733 939 792 et
962 749 1037 790 con·

127 831 295 894 tumeliam
318 831 558 914 perferendam3
588 836 726 894 transtra
748 831 917 915 pedalibus
940 831 1037 894 trabi·
1061 844 1074 885 4

127 931 187 999 bus
211 933 339 999 confixa
361 935 458 997 clavis
480 935 591 999 ferreis
616 935 708 1018 digiti
737 934 862 1019 pollicis
890 936 1037 998 crassitu-

130 1037 221 1118 dine3
251 1057 387 1101 ancorae
415 1058 474 1121 pro
499 1038 626 1100 funibus
653 1037 1073 1102 ferreisoatenisrevin-15

130 1149 217 1223 otae;
234 1143 335 1226 pelles
351 1163 408 1226 pro
425 1142 505 1205 velis
521 1141 690 1224 alutaeque
707 1141 846 1205 tenuiter
862 1141 1037 1223 confectae,
1060 1155 1073 1194 6

129 1246 197 1311 sive
231 1251 363 1330 propter
398 1247 454 1309 lini
487 1253 582 1331 atque
618 1246 685 1310 eius
718 1267 793 1309 usus
827 1246 1038 1327 inscientiam,

130 1350 196 1412 sive
233 1347 335 1432 (quod
369 1355 417 1414 est
450 1351 551 1433 magis
586 1348 773 1429 verisimile)
809 1348 896 1432 quod
934 1355 1038 1412 tantas

130 1458 339 1537 tempestates
363 1453 485 1516 Oceani
507 1459 675 1538 tantosque
706 1453 844 1536 impetus
868 1459 1038 1517 ventorum

130 1556 280 1620 sustineri
308 1576 344 1620 ac
374 1561 463 1620 tanta
493 1576 592 1620 onera
620 1556 749 1619 navium
777 1556 848 1639 regi
870 1556 950 1621 velis
973 1577 1039 1620 non

130 1661 205 1724 satis
234 1660 404 1724 commode
436 1660 678 1724 arbitrabantur.
724 1681 796 1723 oum
825 1659 875 1722 his
904 1660 1072 1723 navibusr

130 1771 257 1828 nostrae
281 1765 374 1828 classi
402 1765 561 1829 eiusmodi
585 1784 776 1847 congressus
800 1770 884 1843 erat,
917 1771 953 1827 ut
974 1785 1039 1828 una

131 1867 295 1931 celeritate
325 1872 357 1931 et
388 1868 572 1931 incitatione
602 1873 797 1952 praestaret,
826 1868 950 1951 reliqua
977 1888 1036 1952 pro

131 1969 191 2033 loci
228 1975 358 2052 natura,
396 1991 453 2055 pro
489 1971 522 2035 vi
559 1976 788 2055 tempestatum
825 1970 887 2034 illis
920 1978 1037 2053 essent,

131 2074 264 2158 aptiora.
313 2095 417 2158 neque
448 2075 487 2138 iis
516 2075 626 2139 noceri
653 2079 803 2159 poteraut
838 2073 940 2153 (tanta
969 2082 1071 2140 erat8

131 2177 304 2259 firmitudo)
327 2198 431 2261 neque
455 2185 587 2269 propter
603 2178 804 2241 altitudinem
819 2177 912 2242 facile
936 2177 1037 2240 telum

132 2283 318 2367 adigebatur
341 2287 374 2345 et
397 2281 511 2345 eadem
544 2282 584 2345 de
608 2302 703 2345 causa
732 2281 835 2343 minus
865 2281 1035 2344 commode

133 2385 252 2469 copulis
273 2384 527 2448 continebantur.
573 2383 764 2464 accedebat,
796 2388 832 2445 ut
862 2389 1071 2466 tempesta-⁹

132 2495 194 2553 tem
218 2488 340 2552 ferrent
361 2488 486 2551 facilius
509 2494 541 2551 et
557 2488 590 2549 in
606 2487 696 2550 vadis
712 2486 923 2550 consisterent
938 2487 1036 2551 tutius
1078 2477 1080 2481 ⁴

133 2598 162 2655 et
190 2577 230 2655 ab
254 2597 345 2656 aestu
366 2591 498 2655 relictae
529 2590 607 2653 nihil
638 2611 716 2653 saxa
746 2595 779 2653 et
808 2596 916 2654 cautes
942 2591 1036 2654 timo·

133 2701 214 2775 rent3
256 2714 390 2778 quarum
425 2715 532 2758 rerum
572 2694 714 2756 omnium
749 2694 866 2756 nostris
904 2693 1037 2758 navibus

133 2819 219 2863 casus
241 2804 311 2862 erat
333 2798 601 2862 extimescendus.

192 2900 286 2965 XIV.
325 2901 458 2983 Caesar,
490 2903 544 2966 ubi
575 2902 736 2966 intellexit
766 2902 882 2966 frustra
913 2906 1071 2967 tantumr

133 3004 274 3069 laborem
310 3005 392 3067 sumi
429 3024 532 3088 neque
570 3005 711 3068 hostium
748 3004 857 3087 fugam
895 3005 1036 3090 reprimi,

134 3110 240 3172 statuit
261 3108 507 3192 exspectandam
524 3109 667 3173 classem.
704 3129 787 3193 quae
809 3108 865 3172 ubi
888 3109 1072 3173 convenite

135 3233 167 3275 ao
190 3213 329 3295 primum
352 3211 391 3274 ab
408 3211 553 3275 hostibus
568 3212 635 3275 visa
651 3217 709 3293 est,
732 3211 858 3275 circiter
881 3235 959 3276 ccxx
980 3232 1036 3275 na-

135 3334 186 3378 ves
218 3313 437 3398 paratissimae
472 3320 567 3398 atque
601 3316 687 3378 omni
722 3336 840 3398 genere
875 3336 1036 3380 armorum

136 3420 352 3482 ornatissimae
374 3419 537 3502 profectae
561 3421 679 3483 uostris
708 3419 861 3484 adversae
885 3421 1035 3484 constite-
