2332 3892
157 239 218 300 144
516 237 565 288 vr.
593 237 704 288 aa-ar.

155 411 320 494 proprium
348 408 489 491 virtutis,
519 409 603 492 agris
629 409 783 474 finitimos
814 409 929 473 cedere
956 428 1042 492 neque

121 533 347 597 aquamquam
375 532 476 597 prope
507 511 625 576 audere
655 512 844 593 consistere;
878 513 970 576 simul
994 513 1043 576 hoc

156 638 191 681 se
223 617 291 681 fore
324 616 458 680 tutiores
497 617 684 700 repentinae
721 617 912 681 incursionis
947 617 1043 680 timore

122 739 135 778 ι
156 720 291 785 sublato.
322 720 535 803 magistratio,
559 718 615 802 qui
635 717 722 783 bello
745 719 898 802 praesint,
920 726 956 782 ut
975 719 1044 784 vitae

122 844 134 880 s
155 822 306 905 necisque
328 823 467 886 habeant
480 828 685 906 potestatem,
709 821 904 906 deliguntur.
934 823 1044 906 inpace

156 925 261 990 nullus
292 931 341 989 est
370 925 545 989 communis
573 924 793 1008 magistratus,
823 925 881 989 sed
902 925 1044 1010 principes

155 1029 324 1112 regionum
350 1034 446 1112 atque
477 1048 634 1111 pagorum
662 1026 746 1091 inter
775 1048 849 1093 suos
868 1029 922 1092 ius
943 1028 1043 1092 dicunt.

121 1131 322 1197 clatrocinia
350 1131 471 1194 nullam
500 1130 621 1195 habent
648 1130 828 1213 infamiam,
859 1152 942 1216 quae
972 1137 1045 1196 extra

122 1254 134 1293 r
154 1234 235 1298 fines
257 1235 409 1318 cuiusque
433 1233 569 1299 civitatis
591 1233 680 1297 fiunt.
725 1241 820 1319 atque
849 1237 906 1301 ubi
928 1237 995 1321 quis
1014 1255 1044 1298 cx

46 1413 48 1415 ,
155 1339 350 1422 principibus
373 1340 407 1402 in
430 1339 564 1404 concilio
589 1337 671 1402 dixit
693 1358 738 1419 ,se
761 1337 876 1402 ducem
899 1339 982 1405 fore:
1003 1336 1043 1422 qui

156 1442 246 1526 sequi
276 1443 393 1524 velint,
425 1442 633 1526 profiteantur
641 1437 660 1523 ,‘
693 1448 904 1526 consurgunt,
945 1442 1044 1527 quiet

157 1566 285 1609 causam
308 1552 340 1609 et
361 1546 525 1610 hominem
546 1544 698 1628 probant,
728 1564 884 1629 suumque
908 1546 1043 1610 auxilium

155 1649 348 1733 pollicentur
375 1655 469 1732 atque
499 1649 539 1713 ab
573 1647 778 1713 multitudine
815 1650 1041 1727 conlaudamus,

122 1765 135 1804 ⁸
157 1753 211 1835 qui
233 1752 334 1817 secuti
355 1773 420 1817 non
441 1758 523 1832 sunt,
546 1753 580 1817 in
595 1751 795 1818 desertorum
810 1775 848 1819 ac
861 1755 1043 1839 proditorum

122 1877 289 1922 enumero
313 1855 479 1921 ducuntur.
519 1857 682 1941 hospitem
703 1856 824 1922 violare
846 1858 895 1922 fas
917 1879 982 1923 non
1000 1875 1043 1941 pu·
1082 1914 1085 1921 ,

157 1966 242 2043 tant3
275 1961 329 2045 qui
351 1980 549 2045 quormque
571 1959 613 2024 de
636 1980 731 2025 causa
752 1959 793 2025 ad
816 1979 873 2025 cos
895 1963 1042 2035 venerunt,

157 2070 284 2130 sanctos
306 2064 441 2129 habent:
465 2063 606 2128 omnium
628 2061 742 2128 domus
763 2068 875 2146 patent
895 2065 1042 2145 victusque

158 2168 420 2233 communicatur.

124 2303 135 2340 1
220 2270 345 2335 XXIV.
376 2268 427 2334 Ac
447 2269 507 2334 fuit
524 2275 620 2334 antea
632 2276 770 2354 tempus,
795 2290 867 2334 oum
883 2271 1043 2336 Germanos

159 2375 243 2439 Galli
265 2374 382 2438 virtute
405 2378 606 2454 superarent,
640 2379 772 2456 propter
793 2372 960 2439 hominum
980 2368 1044 2438 mul·

156 2477 325 2541 titudinem
356 2476 486 2559 agrique
514 2476 657 2560 inopiam
685 2481 772 2566 trans
794 2475 946 2542 Rhenum
976 2474 1043 2541 colo·

123 2580 225 2647 anias
248 2580 420 2642 mitterent.
463 2578 523 2659 ita,
547 2599 629 2662 quae
651 2579 848 2644 fertilissima
870 2579 1043 2646 Germaniae

158 2688 230 2746 sunt
250 2682 323 2747 loca
345 2680 464 2745 circum
485 2682 680 2766 Hercyniam
709 2682 838 2764 silvam,
868 2702 964 2767 quam
982 2681 1044 2748 Ere*

156 2785 298 2849 tostheni
320 2790 354 2848 et
375 2784 565 2868 quibusdam
588 2785 720 2851 Graecis
742 2785 828 2849 fama
848 2793 960 2851 notam
989 2797 1044 2849 esse

156 2887 252 2952 video
292 2885 402 2970 (quam
432 2887 479 2951 illi
510 2886 682 2972 Orcyniam
712 2885 909 2972 appellant),
940 2890 1044 2955 Volcae

122 2990 351 3074 aTectosages
375 2996 626 3074 occupaverunt3
650 3009 732 3074 quae
755 3010 833 3074 gens
849 2990 891 3055 ad
905 2991 1044 3058 hocten-

54 3180 56 3185 .
156 3115 217 3178 pus
238 3094 289 3158 his
311 3093 441 3157 sedibus
464 3114 534 3158 sese
558 3093 701 3157 continet
723 3113 944 3178 summamque
965 3088 1045 3159 habet

122 3226 135 3263 4
158 3198 359 3281 opinionem3
383 3217 457 3259 nam
479 3197 512 3259 in
535 3195 649 3261 eadem
670 3196 795 3278 inopia,
825 3204 984 3280 egestate,
1002 3209 1044 3277 pt

157 3301 278 3382 tientia,
310 3321 372 3384 qua
400 3300 566 3381 Germani,
589 3304 795 3383 permanent,
829 3298 946 3365 eodem
974 3297 1044 3363 vion

122 3409 190 3467 set
222 3405 308 3467 cultu
339 3404 480 3487 corporis
511 3408 651 3466 utuntur.
698 3401 799 3466 Gallis
831 3408 939 3466 autem
974 3387 1044 3484 quod
