2332 3892
456 839 603 911 urana
619 838 711 934 ¹rur.

197 1008 224 1071 Ι.
258 1008 373 1082 Quieta
396 1009 501 1074 Gallia
526 1009 658 1091 Caesar,
686 1017 723 1074 ut
751 1012 975 1090 constituerat,
1005 1012 1037 1075 in
1059 1033 1070 1073 r

135 1111 262 1175 Italiam
285 1112 325 1174 ad
355 1118 529 1176 conventus
558 1113 701 1197 agendos
729 1115 948 1198 proficiscitur.
993 1116 1039 1178 ibi

137 1215 174 1278 de
214 1213 320 1278 Clodii
363 1214 460 1277 caede
494 1222 689 1299 senatusque
735 1218 879 1280 consulto
923 1220 1038 1283 certior

135 1319 253 1398 factus,
285 1324 320 1380 ut
359 1338 468 1382 omnes
507 1319 648 1383 iuniores
678 1319 791 1382 Italiae
828 1323 1037 1402 coniurarent,

137 1421 287 1485 dilectum
308 1427 377 1485 tota
398 1423 562 1505 provincia
584 1424 702 1487 habere
719 1425 866 1488 instituit.
905 1445 963 1488 cae
984 1446 1037 1488 res
1059 1446 1072 1484 a

135 1524 164 1588 in
197 1524 337 1589 Galliam
367 1523 610 1608 Transalpinam
648 1526 794 1589 celeriter
825 1528 1037 1609 perferuntur.

134 1627 192 1712 ipsi
215 1627 382 1709 adfingunt
402 1627 582 1691 rumoribus
607 1627 701 1706 (salli,
725 1627 811 1710 quod
834 1649 885 1691 res
903 1649 1036 1711 poscere

135 1731 312 1810 videbatur,
334 1729 465 1793 retineri
487 1731 608 1795 urbano
632 1737 722 1795 motu
742 1730 912 1795 Caesarem
933 1753 1037 1816 neque

132 1835 162 1900 in
186 1835 286 1898 tantis
303 1831 552 1904 dissensionibus
572 1832 613 1896 ad
629 1835 805 1897 exercitum
820 1835 940 1897 venire.
978 1836 1038 1898 hac
1059 1857 1074 1896 s

128 1936 250 2022 inpulsi
274 1935 450 2015 occasione,
475 1937 528 2019 qui
551 1956 585 1999 se
608 1937 721 2020 populi
739 1935 879 2001 Romani
902 1937 1036 2021 imperio

126 2042 293 2106 subiectos
316 2018 478 2120 dolerent,
507 2039 639 2102 liberius
669 2045 764 2122 atque
788 2038 939 2101 audacius
964 2060 1037 2102 con·

121 2145 202 2208 silia
230 2141 322 2205 inire.
373 2139 502 2205 indictis
530 2143 614 2206 inter
642 2163 676 2206 se
705 2143 866 2226 principes
895 2143 1073 2205 conciliiss

122 2250 307 2332 queruntur
337 2241 376 2305 de
406 2241 546 2312 Acconis
582 2252 705 2310 morte:
738 2247 831 2324 ,hunc
860 2267 968 2309 casum
993 2245 1037 2309 ‘ad

119 2351 219 2436 ipsos
242 2346 412 2432 recidere3‘
435 2351 626 2413 miserantur
645 2371 847 2414 communem
862 2350 1036 2430 fortunam3
1060 2370 1074 2408 s

123 2453 281 2519 omnibus
304 2451 587 2535 pollicitationibus
617 2473 653 2515 ac
675 2453 826 2536 praemiis
850 2452 1037 2535 deposcunt,

121 2560 186 2643 qui
219 2559 268 2619 sui
299 2559 410 2641 capitis
441 2555 583 2640 periculo
618 2555 757 2619 Galliam
792 2555 826 2618 in
856 2555 1038 2618 libertatem

120 2660 306 2726 vindicent.
343 2660 498 2745 ‚inprimis
515 2660 672 2722 rationem
695 2658 885 2739 habendam,
907 2665 942 2721 ut
959 2658 1037 2721 an·
1059 2676 1074 2714 c

125 2787 183 2829 sar
215 2762 256 2827 ab
295 2765 438 2827 exercitu
468 2760 707 2824 intercludatur.
763 2761 796 2824 id
831 2781 901 2823 esse
935 2761 1074 2842 facile‚r

127 2866 221 2952 quod
243 2886 347 2948 neque
375 2866 520 2950 legiones
550 2864 682 2941 absente
711 2863 904 2946 imperatore
927 2883 969 2925 ex
991 2863 1038 2925 hi·

127 2970 241 3035 bernis
265 2968 375 3052 egredi
397 2987 502 3051 ncque
524 2967 698 3048 imperator
722 2965 790 3028 sine
812 2964 973 3047 praesidio
997 2963 1038 3026 ad
1099 2972 1101 2975 ’

130 3074 280 3157 legiones
301 3071 469 3154 pervenire
487 3069 598 3153 possit.
636 3075 798 3153 postremo
815 3069 848 3129 in
864 3069 931 3131 acie
947 3088 1037 3150 prae·
1059 3087 1074 3125 a

136 3184 219 3239 stare
250 3175 384 3237 interfici
414 3195 509 3257 quam
537 3194 602 3236 non
623 3179 766 3235 veterem
795 3171 872 3234 belli
903 3172 1037 3253 gloriam

135 3277 378 3358 libertatemque
400 3271 609 3358 recuperara‘

203 3378 245 3441 ll.
276 3378 469 3441 Profitcntur
485 3377 639 3440 Carnutes
662 3397 706 3457 ‚se
723 3376 845 3439 nullum
861 3371 1036 3458 periculum
1057 3401 1068 3440 r
