2332 3892
442 204 520 254 vm.
551 206 662 256 13-15.
947 210 1009 272 215

106 381 221 455 gerunt.
268 397 404 459 quorum
429 378 572 461 periculo
597 379 642 442 sic
666 401 777 444 omnes
801 381 912 464 copiae
937 392 1045 445 sunti

106 479 312 560 terturbatae,
327 487 363 543 ut
378 481 434 544 vix
448 481 584 545 iudicari
598 491 719 566 posset,
738 493 846 549 utrum
861 486 1010 549 secundis

108 585 191 649 ebus
236 585 463 651 insolentiores
501 609 541 650 an
579 588 794 653 mediocribus
831 589 1010 655 timidiores

106 694 214 753 ssent.

158 792 256 857 XIV.
281 793 507 878 Compluribus
524 795 638 859 diebus
653 795 757 859 isdem
767 797 800 859 in
813 797 923 860 castris
935 818 1010 860 con-

108 898 242 980 umptis,
260 919 332 962 oum
346 899 480 983 propius
496 900 669 963 accessisse
683 900 830 984 legiones
843 907 875 964 et
888 899 922 964 C.
933 899 1010 963 Tre·

107 1003 229 1067 »onium
250 1003 394 1086 legatum
418 1011 621 1088 cognossent,
647 1004 743 1069 duces
762 1005 1009 1071 Bellovacorum

107 1107 190 1171 'eriti
207 1106 345 1171 similem
362 1108 582 1173 obsessionem
591 1107 723 1172 Alesiae
737 1116 835 1174 noctu
847 1110 1010 1173 dimittunt

107 1233 162 1294 ios,
179 1231 261 1295 quos
277 1218 331 1276 aut
347 1218 452 1276 aetate
467 1220 522 1274 aut
537 1214 658 1277 viribus
674 1213 842 1277 inferiores
858 1219 913 1276 aut
927 1214 1010 1276 iner-

107 1337 163 1380 nes
185 1315 357 1396 habebant,
379 1337 504 1400 unaque
527 1317 756 1401 inpedimenta.
788 1339 923 1401 quorum
938 1338 1011 1401 per·
1033 1343 1045 1380 2

107 1420 259 1484 urbatum
272 1427 305 1483 et
315 1420 482 1484 confusum
492 1420 569 1484 dum
579 1423 742 1506 explicant
751 1443 867 1506 agmen
880 1421 1011 1505 (magna

107 1525 183 1588 nim
211 1524 383 1589 multitudo
415 1547 576 1591 carrorum
605 1527 704 1590 etiam
726 1526 897 1611 expeditos
921 1527 1011 1610 sequi

108 1627 210 1692 {allos
226 1626 417 1710 consuevit),
441 1631 587 1713 oppressi
602 1631 674 1694 luce
691 1631 800 1714 copias
816 1637 1009 1694 armatorum

108 1740 268 1815 nstruunt,
291 1754 332 1797 ne
351 1734 440 1817 prius
454 1733 594 1799 Romani
613 1735 764 1818 persequi
781 1756 815 1798 se
831 1735 1010 1817 inciperent

108 1858 191 1920 quam
206 1836 335 1921 longius
349 1858 465 1921 agmen
480 1837 773 1921 inpedimentorum
790 1838 1009 1921 processisset.

108 1939 217 2005 laesar
242 1960 347 2023 neque
371 1940 625 2025 adgrediendum
648 1950 737 2005 tanto
762 1941 852 2005 collis
875 1963 1009 2005 ascensu
1032 1965 1044 2001 a

108 2045 259 2109 udicabat
272 2065 377 2129 neque
387 2067 452 2110 non
462 2067 563 2129 usque
574 2068 613 2112 eo
623 2047 770 2130 legiones
780 2046 1008 2127 admovendas,

108 2157 129 2214 11
158 2147 329 2213 discedere
358 2151 427 2214 sine
456 2151 599 2234 periculo
628 2151 756 2215 barbari
785 2150 939 2213 militibus
963 2150 1010 2213 in-

109 2254 254 2319 tantibus
267 2253 270 2260 '
283 2276 349 2319 non
378 2262 520 2338 possent.
563 2256 609 2318 ita
630 2254 748 2338 palude
771 2253 915 2337 inpedita
938 2275 1045 2316 cumr

109 2359 284 2423 ranseundi
313 2357 483 2424 difficultas
513 2361 710 2423 celeritatem
735 2358 923 2443 insequendi
947 2365 1010 2421 tar·

109 2465 173 2529 lare
197 2471 309 2548 posset
331 2471 426 2548 atque
454 2464 488 2528 id
508 2466 627 2548 iugum,
651 2463 738 2547 quod
754 2471 841 2527 trans
857 2462 1009 2547 paludem

109 2590 200 2635 »aene
215 2568 258 2634 ad
272 2571 414 2635 hostium
431 2577 533 2634 castra
547 2570 734 2654 pertineret,
755 2567 910 2633 mediocri
926 2568 1010 2631 valle

109 2675 283 2740 ntercisum
313 2676 453 2740 animum
484 2675 682 2755 adverteret,
711 2672 863 2756 pontibus
891 2671 1010 2755 palude

109 2786 259 2844 ronstrata
273 2780 419 2863 legiones
435 2779 572 2844 traducit
589 2780 798 2861 celeriterque
809 2778 842 2841 in
853 2797 1010 2839 summam

109 2883 270 2948 >laniciem
290 2884 357 2968 iugi
374 2884 531 2967 pervenit,
555 2904 635 2967 quae
653 2883 769 2948 declivi
784 2882 913 2965 fastigio
931 2881 1009 2945 duo-

109 3007 156 3050 rus
178 2987 219 3052 ab
234 2987 389 3051 lateribus
404 2986 616 3050 muniebatur.
648 2986 831 3070 legionibus
848 2985 1008 3048 instructis
1032 3007 1043 3042 s

110 3089 139 3153 td
166 3090 316 3155 ultimum
342 3091 454 3174 iugum
475 3091 622 3173 pervenit
646 3091 811 3172 aciemque
835 3089 1009 3170 constituit,

110 3193 351 3259 mdetormento
362 3195 428 3258 tela
437 3194 619 3257 inhostium
628 3181 746 3258 cuneos
757 3193 1008 3275 conicipossent.

162 3296 236 3364 XV.
266 3299 401 3363 Barbari
417 3298 527 3362 confisi
542 3297 607 3360 loci
621 3305 744 3378 natura,
769 3318 841 3360 eum
857 3295 1008 3358 dimicare
1033 3319 1041 3355 1

110 3419 164 3465 nou
190 3409 391 3485 recusarent,
424 3403 451 3465 si
479 3401 562 3466 forte
586 3401 726 3465 Romani
756 3401 862 3463 subire
894 3399 1007 3463 collem

153 3502 252 3545 emeris
265 3503 355 3544 bellum
370 3503 492 3544 Gallicum.
820 3507 850 3555 13
