2332 3892
483 219 545 269 vu.
574 220 685 270 tra-45.
977 222 1038 284 179

131 390 304 472 sisteretur,
322 391 453 455 consilia
469 391 577 472 inibat,
595 391 865 474 quemadmodum
877 392 1040 476 Gergovia

130 494 324 558 discederet.

190 597 313 662 XLIV.
344 599 436 662 Haeo
465 600 618 682 cogitanti
647 599 792 663 accidere
821 601 891 664 visa
919 606 967 664 est
994 600 1071 664 fa·1

129 701 240 765 cultas.
265 722 340 764 nam
363 723 435 765 cum
457 701 490 766 in
513 702 638 766 minora
661 710 764 766 castra
786 703 941 785 venisset,
972 703 1039 767 ani·

128 825 216 868 mum
248 803 387 868 advertit
418 805 535 868 collem
565 805 720 869 nudatum
751 806 952 887 hominibus,
984 806 1038 888 qui

128 908 346 992 superioribus
379 907 491 972 diebus
522 911 578 973 rix
609 930 686 994 prae
718 909 921 974 multitudine
952 909 1038 973 cerni

127 1017 265 1094 poterat.
293 1011 426 1075 miratus
442 1013 565 1094 quaerit
582 1033 623 1076 ex
637 1013 780 1097 perfugis
797 1034 935 1078 causam.
965 1033 1038 1076 con·
1053 1033 1097 1074 aa

129 1116 231 1180 stabat
260 1116 345 1179 inter
368 1136 479 1179 omnes
508 1114 609 1199 (quod
631 1117 696 1180 iam
718 1119 787 1200 ipse
809 1137 867 1201 per
892 1116 1038 1200 explora·

125 1226 215 1284 tores
245 1217 454 1304 cognoverat)
484 1219 625 1301 ,dorsum
655 1241 725 1284 esse
751 1221 818 1284 eius
841 1222 908 1304 iugi
936 1240 1037 1304 prope

127 1343 267 1407 aequum
282 1321 342 1386 sed
356 1329 535 1406 angustum,
551 1342 614 1405 qua
630 1329 715 1388 esset
730 1323 834 1388 aditus
850 1323 891 1388 ad
905 1325 1038 1388 alteram

127 1433 268 1511 partem3
298 1426 507 1491 vehementer
535 1428 607 1491 illos
636 1427 766 1509 timere,
795 1447 837 1491 ne
866 1448 930 1492 uno
956 1428 1072 1492 ooller

127 1529 165 1594 ab
177 1528 336 1594 Romanis
353 1535 518 1614 occupato,
534 1529 561 1592 si
577 1529 713 1593 alterum
729 1531 919 1612 amisissent,
934 1551 1037 1614 paene

128 1631 358 1697 circumvallati
395 1639 491 1715 atque
529 1633 614 1696 omni
647 1633 735 1696 exitu
768 1639 801 1697 et
831 1634 1036 1718 pabulatione

127 1737 290 1802 interclusi
313 1736 515 1801 viderentur:
538 1736 580 1800 ad
597 1737 682 1800 huno
701 1736 909 1801 muniendum
926 1755 1037 1802 omnes
1059 1757 1071 1796 s

130 1835 300 1906 evocatos‘.

187 1943 294 2008 XLV.
324 1943 396 2006 Hac
412 1962 448 2007 rc
465 1944 594 2027 cognita
610 1943 728 2007 Caesar
743 1944 840 2008 mittit
857 1944 1036 2028 complures
1059 1965 1070 2002 1

129 2049 271 2132 equitum
288 2053 418 2126 turmas,
442 2045 482 2109 de
505 2045 613 2109 media
632 2053 728 2110 nocte
752 2053 787 2109 ut
808 2047 904 2129 paulo
921 2047 1036 2109 tumul-

128 2151 251 2215 tuosius
274 2154 475 2233 vagarentur.
512 2150 615 2232 prima
643 2149 715 2213 luce
745 2171 908 2233 magnum!
925 2169 1071 2215 nume-a

128 2274 197 2317 rum
218 2253 437 2317 iumentorum
458 2253 602 2336 produci,
627 2259 800 2318 stramenta
823 2253 946 2317 detrahi
968 2275 1037 2317 mu·

127 2357 293 2440 lionesque
319 2376 390 2420 curn
409 2355 585 2420 cassidibus
605 2358 748 2440 equitum
770 2357 877 2439 specie
906 2358 1037 2420 circum·

131 2461 201 2524 vehi
227 2458 337 2522 iubet..
359 2459 409 2522 his
431 2481 551 2544 paucos
574 2460 663 2524 addit
687 2461 827 2544 equites:
856 2461 954 2545 longo
979 2462 1071 2526 cir-a

130 2563 214 2628 cuitu
237 2561 368 2626 easdem
393 2584 503 2626 omnes
525 2563 615 2627 iubet
636 2570 748 2647 petere
771 2565 931 2647 regiones.
957 2566 1072 2629 haece

128 2666 240 2750 procul
265 2686 307 2729 ex
329 2666 448 2750 oppido
471 2667 663 2731 videbantur
684 2687 788 2750 neque
812 2674 901 2732 tanto
925 2664 1037 2751 spatio,

130 2769 206 2833 certi
222 2767 301 2852 quid
317 2775 411 2852 esset,
428 2770 589 2853 explorari
603 2775 741 2853 poterat.
763 2769 927 2852 legionem
942 2792 1036 2834 unam
1060 2793 1072 2831 a

130 2871 245 2937 eodem
267 2871 381 2953 mittit3
410 2873 542 2956 paulum
564 2893 767 2957 progressam
790 2872 939 2936 inferiore
964 2893 1037 2936 con-

129 2974 231 3039 stituit
253 2974 325 3039 loco
350 2974 501 3058 silvisque
527 2976 674 3039 occultat.
704 2982 838 3058 augetur
863 2975 964 3040 Gallis
987 2996 1072 3038 su·c

129 3077 228 3160 spicio
248 3083 344 3160 atque
361 3098 472 3142 omnes
488 3078 543 3141 illo
561 3078 673 3160 copiae
689 3076 915 3141 traducuntur.¹
937 3098 1038 3141 vacua
1059 3101 1071 3138 r

128 3187 231 3246 castra
242 3181 385 3246 hostium
399 3179 518 3244 ansar
534 3181 735 3263 conspicatus
752 3181 844 3243 tectis
859 3180 1037 3264 insignibus

125 3303 215 3349 raros
237 3282 357 3347 milites
380 3302 423 3347 ex
444 3282 618 3347 maioribus
643 3284 752 3346 castris
775 3284 808 3345 in
830 3283 954 3356 minora
975 3293 1037 3348 tra·

125 3385 214 3452 ducit
228 3387 418 3471 legatisque,
436 3387 512 3469 quid
527 3388 596 3450 fieri
611 3387 698 3468 velit,
717 3385 872 3467 ostendit;
893 3388 1036 3470 inprimis
1059 3407 1071 3443 a

177 3489 283 3529 ermrls
296 3486 386 3527 bellum
399 3485 521 3527 Gallicum.
850 3493 879 3539 ῃ
