2332 3892
355 807 356 811 Ν
456 789 603 864 arasa
629 789 693 862 vr.
798 877 802 884 ¹

190 964 218 1028 I.
255 962 366 1028 Multis
398 961 438 1026 de
462 963 564 1026 oausis
590 961 707 1026 Caesar
729 961 883 1026 maiorem
907 963 1062 1028 Galliaer

127 1075 252 1134 motum
275 1072 464 1150 exspectans
486 1072 544 1148 per
566 1066 609 1129 M.
629 1065 781 1147 Silanum,
806 1065 840 1129 O.
856 1065 1032 1131 Antistium

127 1172 307 1256 Reginum,
333 1168 369 1233 Τ.
401 1168 547 1232 Sextium
577 1169 701 1252 legatos
731 1167 883 1232 dilectum
913 1170 1032 1234 habere

128 1272 282 1352 instituit3
305 1271 399 1334 simul
421 1271 461 1335 ab
486 1269 543 1336 On.
559 1271 716 1356 Pompeio
738 1274 929 1355 prooonsule
952 1274 1033 1357 petit
1054 1295 1067 1333 a

128 1376 293 1461 ,quoniam
311 1375 388 1459 *ipse
418 1373 463 1438 ad
488 1374 601 1438 urbem
630 1395 702 1438 oum
731 1374 866 1458 imperio
896 1377 944 1440 rei
977 1398 1036 1460 pu·

130 1481 232 1544 blieae
256 1499 350 1542 eausa
377 1483 537 1560 maneret,
568 1497 648 1562 quos
677 1498 719 1542 ex
742 1478 907 1563 Cisalpina
930 1480 1036 1544 Gallia

130 1583 242 1649 eonsul
264 1588 460 1646 sacramento
482 1581 672 1666 rogavisset,
694 1581 735 1645 ad
758 1584 850 1667 signa
865 1585 1036 1648 convenire

131 1693 164 1750 et
184 1685 227 1750 ad
250 1705 284 1748 se
307 1684 465 1768 profioisoi
480 1686 619 1750 iuberet:
643 1687 752 1770 magni
766 1688 923 1751 interesse
939 1689 1069 1752 etiams

132 1790 164 1853 in
184 1788 342 1871 reliquum
363 1793 491 1871 tempus
513 1787 555 1851 ad
578 1788 762 1872 opinionem
785 1790 909 1854 Galliae
932 1795 1037 1854 tantas

133 1890 234 1955 videri
256 1889 370 1953 Italiae
392 1889 570 1972 facultates,
593 1897 638 1972 ut,
661 1891 766 1975 siquid
788 1899 874 1956 esset
894 1892 928 1956 in
948 1893 1036 1959 bello

132 1992 316 2058 detrimenti
343 2000 526 2077 aooeptum,
554 2015 619 2058 non
646 1993 743 2059 modo
771 1994 863 2060 brevi
891 2002 1037 2080 tempore

133 2098 240 2162 saroiri
263 2094 320 2159 sed
343 2097 440 2160 etiam
462 2096 634 2161 maioribus
657 2098 769 2181 augeri
789 2098 889 2181 oopiis
904 2095 1037 2182 posset.‘

134 2199 217 2284 quod
240 2219 314 2263 eum
331 2199 505 2283 Pompeius
529 2206 562 2263 et
582 2199 630 2263 rei
652 2200 799 2283 publicae
823 2207 855 2265 et
877 2202 1071 2265 amioitiaer

135 2303 303 2384 tribuisset,
327 2303 473 2366 aeleriter
496 2303 640 2368 oonfeoto
662 2324 721 2387 per
743 2324 818 2368 suos
842 2303 961 2369 dilectu
983 2306 1038 2368 tri·

136 2403 188 2470 bus
217 2411 291 2470 ante
321 2410 467 2469 exaotam
494 2405 635 2469 hiemem
664 2412 697 2469 et
726 2406 906 2470 constitutis
929 2413 962 2470 et
983 2405 1039 2470 ad·

135 2507 235 2574 duotis
257 2509 437 2593 legionibus
466 2508 691 2592 duplicatoque
722 2528 830 2572 earum
859 2509 1039 2574 cohortium

133 2628 281 2692 numero,
313 2631 390 2695 quas
414 2632 487 2675 oum
510 2609 548 2685 Q.
570 2610 694 2675 Titurio
718 2608 877 2693 amiserat,
901 2617 933 2674 et
956 2611 1039 2675 aele-

130 2716 225 2780 ritate
250 2720 282 2779 et
305 2714 406 2799 oopiis
436 2713 562 2795 doouit,
593 2712 670 2796 quid
697 2713 810 2797 populi
830 2711 970 2776 Romani
992 2712 1040 2776 di-

124 2818 268 2903 sciplina
290 2823 384 2901 atque
408 2837 486 2900 opes
509 2823 650 2900 possent.

197 2919 241 2983 11.
270 2919 444 2985 Interfecto
460 2920 680 2985 Indutiomaro
703 2919 745 2983 ad
761 2920 829 2983 eius
844 2921 1039 3003 propinquos
1060 2949 1072 2988 1

127 3038 153 3084 a
174 3023 323 3088 Treveris
341 3024 516 3107 'imperium
539 3023 690 3087 defertur.
719 3022 767 3085 illi
788 3023 941 3087 finitimos
961 3023 1042 3086 Ger·

129 3139 248 3190 manos
271 3125 442 3190 sollicitare
465 3131 498 3188 et
518 3125 688 3209 pecuniam
716 3124 863 3207 pollioeri
890 3145 956 3188 non
987 3123 1043 3188 de·

126 3230 262 3293 sistunt.
293 3229 365 3293 oum
387 3228 426 3292 ab
450 3226 605 3310 proximis
628 3228 798 3311 impetrare
821 3246 886 3290 non
900 3233 1042 3309 possent,
1062 3258 1076 3295 a

127 3331 304 3398 ulteriores
319 3338 486 3415 temptant.
516 3331 655 3395 inventis
677 3328 838 3393 nonnullis
862 3327 1042 3392 civitatibus

191 3432 294 3472 curam
307 3430 396 3470 bellum
410 3431 531 3470 Gallicum.
873 3432 888 3480 3
