2332 3892
164 215 206 276 50
530 212 566 262 11.
595 213 705 262 rr-re.

163 386 194 450 ei
215 386 263 450 rei
285 384 425 467 student,
449 382 683 468 sed,'qnicquid
703 390 847 468 possunt,
869 384 1076 469 pedestribus

132 491 270 605 ,valent
292 489 418 573 copiis),
442 509 505 572 quo
529 488 652 551 facilius
668 488 877 552 finitimorum
895 491 1074 574 equitatum

135 612 141 660 .’
161 593 365 678 impedirent,
389 592 509 656 teneris
526 591 691 654 arboribus
714 592 820 655 incisis
834 599 930 676 atque
947 594 1076 656 inflexis

132 706 137 728 ¹
162 697 344 780 crebrisque
365 697 399 758 in
416 694 620 759 latitudinem
632 696 734 758 ramis
756 703 788 758 et
808 696 895 759 rubis
914 698 1074 781 sentibus-

163 821 224 885 que
247 798 424 862 interiectis
455 797 646 880 effecerant,
675 805 710 861 ut
732 798 832 862 instar
853 773 953 903 muri)
960 821 1075 884 saepes

162 903 371 988 praeberent,
401 922 463 985 quo
495 921 561 964 non
593 901 691 964 modo
724 923 787 965 non
811 903 922 966 intrari
951 902 1075 969 sedne

128 1025 141 1062 ⁵
162 1006 300 1092 perspici
311 1004 441 1090 quidem
456 1010 575 1088 posset.
609 1004 657 1067 his
670 1006 766 1069 rebus
776 1027 848 1069 cum
860 1007 921 1070 iter
937 1010 1075 1090 agminis

160 1111 262 1174 nostri
292 1108 520 1192 impediretur,
551 1128 617 1170 non
656 1108 870 1172 omittendum
902 1110 1075 1173 eonsilium

160 1215 273 1279 Nervii
297 1214 571 1278 existimaverunt.
754 1252 760 1327 1

126 1344 138 1382 1
225 1317 353 1381 XVIII.
375 1317 456 1380 Loci
470 1323 585 1379 natura
596 1321 664 1379 erat
678 1241 884 1481 baeq:}ollis
894 1315 933 1379 ab
945 1337 1073 1382 summo

161 1423 337 1506 aequaliter
361 1420 493 1484 declivis
509 1419 550 1484 ad
565 1386 698 1515 flumeqd
710 1440 773 1503 quo
813 1440 910 1503 supra
924 1423 1073 1487 nomina·

126 1527 280 1605 avimus,
304 1525 469 1605 vergebat.
515 1524 554 1587 ab
578 1544 617 1586 eo
640 1523 771 1586 flumine
794 1523 862 1606 pari
886 1523 1073 1590 adclivitate

161 1628 251 1692 collis
288 1627 478 1690 nascebatur
515 1625 669 1689 adversus
705 1626 780 1689 huic
815 1632 849 1690 et
882 1631 1073 1711 contrarius,

159 1752 271 1815 passus
301 1730 426 1793 circiter
460 1753 495 1793 cc
524 1729 650 1792 infimus
674 1733 818 1813 apertus,
841 1729 880 1792 ab
905 1733 1072 1816 superiore

157 1842 249 1919 parte
274 1834 446 1914 silvestris,
476 1839 600 1896 utnon
628 1833 722 1897 facile
751 1834 906 1896 introrsus
930 1837 1072 1920 perspici

123 1944 276 2022 cposset.
327 1937 410 2000 intra
450 1959 504 2002 eas
542 1938 637 2000 silvas
674 1917 887 2033 hostesf'sese
924 1940 1071 2004 eontine-

157 2042 250 2120 bant;
274 2017 459 2103 ¹secundum
491 2042 610 2105 flumen
643 2062 763 2124 paucae
796 2042 951 2105 stationes
981 2045 1071 2128 equi·

157 2151 226 2206 tum
257 2139 459 2207 ridebantur.
503 2144 641 2206 fluminis
675 2150 744 2207 erat
776 2144 911 2208 altitudo
947 2147 1071 2228 pedum

156 2248 263 2309 trium.

122 2379 134 2417 1
221 2349 315 2413 XIX.
341 2348 459 2412 Caesar
469 2349 612 2432 equitatu
622 2349 799 2432 praemisso
815 2350 1071 2434 subsequebatur

158 2454 306 2516 omnibns
330 2454 450 2537 copiis3
474 2452 532 2516 sed
555 2453 637 2515 ratio
656 2453 800 2537 ordoque
817 2456 953 2538 agminis
978 2458 1071 2521 aliter

122 2585 134 2623 a
156 2578 191 2620 se
207 2555 345 2620 habebat
361 2577 398 2619 ac
412 2554 535 2637 Belgae
559 2554 601 2648 ad
615 2554 753 2619 Nervios
769 2557 959 2621 detulerant.
995 2579 1069 2621 nam

156 2659 243 2744 quod
280 2660 366 2722 hosti
405 2657 702 2742 adpropinquabat,
740 2659 974 2725 consuetudine
1012 2681 1070 2724 sua

120 2791 133 2830 a
157 2764 275 2828 Caesar
298 2785 357 2827 sex
380 2763 525 2845 legiones
543 2762 713 2846 expeditas
736 2762 892 2843 ducebat;
915 2769 990 2847 post
1014 2786 1068 2827 eas

155 2867 254 2930 totins
268 2866 428 2929 exercitus
440 2865 661 2950 inpedimenta
675 2867 875 2947 conlocarat3
891 2867 967 2930 inde
985 2867 1067 2932 duae

154 2969 311 3051 legiones,
335 2989 416 3052 qnae
437 2969 586 3052 proxime
610 2971 808 3054 conscriptae
831 2977 932 3052 erant,
962 2977 1067 3035 totum

155 3092 271 3155 agmen
281 3071 473 3135 claudebant
488 3071 712 3156 praesidioque
727 3073 954 3157 inpedimentis
965 3080 1066 3140 erant.

119 3169 298 3266 requitest,
315 3197 387 3238 eum
419 3175 634 3239 funditoribus
673 3177 910 3261 sagittariisque
946 3178 1066 3242 flumen

154 3280 344 3362 transgressi
369 3299 440 3342 cum
464 3278 606 3343 hostium
628 3281 773 3364 equitatu
794 3281 953 3364 proelium
977 3302 1065 3345 com·

120 3380 319 3448 emiserunt.
366 3392 437 3444 cnm
469 3401 503 3444 se
537 3382 584 3444 illi
614 3380 791 3446 identidem
804 3376 1000 3467 lreeiperent
1029 3405 1066 3447 ac
