2332 3892
198 250 240 311 90
563 242 620 296 Ν·
640 246 752 296 aa-aa.

164 420 355 484 ascendere
393 423 425 483 et
461 400 494 482 se
531 418 622 501 sequi
658 418 758 481 iussit.
807 417 876 500 ipse
908 416 990 479 hora
1022 415 1110 480 circi·

199 530 249 588 ter
272 530 386 608 quarta
409 543 481 585 oum
507 520 619 604 primis
651 521 785 584 navibus
808 519 1009 584 Britanniam
1032 519 1110 591 atti·

198 629 254 712 git.
311 628 356 691 ibi
393 627 426 689 in
465 625 613 688 omnibus
650 624 785 688 collibus
822 623 965 706 hostium
1005 623 1111 706 copias

163 731 378 815 aeonspexit.
432 729 520 792 euius
550 729 613 791 loci
643 728 724 791 haec
759 732 827 791 erat
857 732 988 790 natura:
1021 747 1111 789 mon·

198 835 283 898 tibus
317 833 460 917 angustis
495 852 583 895 mare
619 830 860 911 continebatur,
896 829 943 891 uti
975 829 1009 891 in
1040 830 1113 893 litus

164 939 300 1002 ateium
329 937 417 1020 adigi
445 941 564 1019 posset.
610 934 695 997 hune
725 954 928 1018 nequaquam
957 932 1113 998 idoneum

200 1041 388 1121 arbitratus,
422 1038 498 1101 dum
520 1037 663 1122 reliquae
686 1059 784 1102 naves
815 1037 1042 1119 convenirent,
1073 1037 1113 1100 ad

164 1143 311 1206 choram
352 1162 470 1204 nonam
505 1139 539 1203 in
577 1141 703 1204 ancoris
744 1140 938 1224 expectavit.
984 1141 1112 1206 interim

197 1246 313 1329 legatis
336 1244 534 1328 tribunisque
556 1243 694 1306 militum
724 1243 925 1326 convocatis,
958 1265 1041 1329 quae
1073 1267 1112 1309 ex

196 1348 363 1412 Voluseno
388 1353 576 1431 cognosset,
601 1346 743 1410 ostendit
765 1348 972 1430 monuitque,
996 1350 1044 1411 uti
1067 1349 1111 1412 rei

168 1452 344 1515 militaris
373 1451 470 1530 ratio,
507 1450 647 1513 maxime
680 1450 860 1512 maritimae
889 1470 940 1513 res
970 1453 1111 1534 postula·

196 1561 278 1636 rent,
303 1554 343 1618 ad
366 1562 478 1618 nutum
503 1562 536 1618 et
558 1554 599 1618 ad
622 1561 750 1637 tempus
774 1574 885 1617 omnes
908 1574 960 1617 res
977 1554 1112 1618 admini-

162 1665 382 1723 sstrarentur.
405 1659 455 1722 his
479 1658 619 1722 dimissis
643 1665 675 1721 et
698 1666 829 1722 ventum
853 1664 885 1721 et
908 1665 1035 1721 aestum
1049 1681 1111 1722 uno

196 1770 343 1846 tempore
365 1767 478 1825 nactus
502 1761 678 1824 seeundum
703 1760 776 1824 dato
802 1760 893 1842 signo
918 1766 950 1822 et
978 1760 1110 1823 sublatis

196 1866 322 1930 ancoris
345 1865 470 1928 circiter
493 1864 581 1927 milia
603 1885 755 1947 passuum
780 1870 905 1946 septem
920 1883 1110 1946 progressus

195 1970 293 2052 plano
318 1970 412 2033 litore
434 1989 533 2032 naves
557 1968 731 2032 constituit.

160 2103 173 2145 1
261 2070 387 2134 XXIV.
417 2069 464 2134 At
485 2057 613 2134 barbari
635 2071 768 2135 consilio
786 2072 914 2154 cognito
933 2073 1110 2155 praemisso

197 2176 341 2260 equitatu
364 2182 396 2238 et
420 2175 606 2256 essedariis,
638 2196 699 2259 quo
723 2177 912 2259 plerumque
935 2196 1057 2259 genere
1079 2176 1111 2238 in

195 2281 328 2363 proeliis
350 2280 398 2342 uti
421 2285 630 2359 consuerunt,
662 2279 793 2361 reliquis
824 2279 924 2361 copiis
948 2278 1111 2342 subsecuti

160 2391 322 2453 2nostros
346 2382 457 2466 egredi
479 2383 704 2466 prohibebant.
750 2389 818 2446 erat
842 2381 964 2446 obbas
998 2402 1109 2445 causas

195 2508 320 2550 summa
343 2485 529 2567 difficultas,
564 2485 651 2568 qnod
672 2505 771 2548 naves
794 2491 926 2568 propter
948 2487 1109 2568 maguitu-

195 2589 304 2654 dinem
326 2590 388 2653 nisi
411 2590 443 2652 in
466 2590 531 2653 alto
556 2590 706 2653 constitui
728 2611 794 2653 non
816 2596 976 2672 poterant,
999 2591 1109 2653 militi-

194 2693 255 2756 bus
277 2698 385 2755 autem
407 2693 526 2774 ignotis
547 2692 637 2773 locis,
660 2691 813 2775 inpeditis
829 2693 977 2756 manibus
992 2714 1109 2776 magno

193 2803 227 2859 et
255 2797 346 2880 gravi
377 2817 472 2860 onere
501 2817 678 2876 armorum,
713 2796 806 2859 simul
836 2802 869 2859 et
897 2797 931 2859 in
959 2796 1109 2860 fluctibus

154 2949 156 2959 .
194 2899 434 2963 consistendum
467 2906 499 2963 et
531 2921 603 2963 cum
625 2899 772 2980 hostibus
797 2905 865 2962 erat
887 2899 1108 2982 pugnandum,

158 3023 265 3077 geum
287 3001 334 3065 illi
358 3009 413 3066 aut
436 3022 478 3066 ex
500 3001 590 3066 arido
613 3009 669 3065 aut
691 3002 821 3084 paulum
845 3001 879 3063 in
901 3021 1018 3084 aquam
1033 3023 1108 3086 pro·

192 3107 294 3189 gressi
311 3107 458 3170 omnibus
474 3105 626 3169 membris
643 3104 814 3187 expeditis,
833 3100 1011 3167 notissimis
1028 3105 1108 3168 locis

191 3207 343 3272 audacter
364 3209 431 3271 tela
454 3209 637 3272 conicerent
660 3212 693 3270 et
716 3227 815 3289 equos
838 3203 1036 3271 insuefactos
1058 3208 1107 3270 in·

157 3346 170 3383 4
191 3311 334 3375 citarent.
366 3312 479 3394 quibus
492 3311 590 3374 rebus
604 3312 706 3376 nostri
722 3310 884 3392 perterriti
898 3316 996 3393 atque
1011 3311 1107 3374 huius

193 3414 321 3478 omnino
345 3434 474 3497 pugnae
496 3413 638 3496 imperiti
659 3435 723 3477 non
748 3412 862 3475 eadem
885 3413 1051 3478 alacritate
1067 3435 1108 3499 ac
