2332 3892
210 225 250 285 38
462 256 463 259 ,
584 224 605 274 1.
635 225 747 304 52‘554·

210 393 349 478 peditior
373 400 442 458 erat
462 415 558 479 quam
580 394 623 472 ii,
654 395 708 477 qui
731 395 764 456 in
786 396 889 478 prima
917 396 985 460 acie
1009 418 1117 460 versa-

211 498 335 579 bantur,
360 498 487 561 tertiam
510 497 729 561 laborantibus
752 498 892 561 subsidio
917 500 1012 562 misit.

176 623 187 662 1
277 601 366 664 LIII.
389 601 440 665 Ita
455 602 615 685 proelium
631 601 815 664 restitutum
829 607 877 664 est
893 607 988 685 atque
1006 623 1118 666 omnes

209 706 319 769 hostes
341 711 434 789 terga
455 710 622 770 verterunt
643 725 748 788 neque
771 705 858 788 prius
879 704 992 787 fugere
1016 703 1115 768 desti-

208 813 316 872 terunt
338 829 433 892 quam
464 807 504 870 ad
532 809 652 871 flumen
673 807 824 872 Rhenum
855 808 943 871 milia
964 829 1117 893 passuum

176 932 188 970 2
210 932 252 973 ex
280 930 320 974 ec
342 909 414 973 loco
439 910 563 974 circiter
589 935 608 971 v
629 915 855 994 pervenerunt.
897 909 941 972 ibi
964 913 1117 994 perpauci

208 1022 262 1077 eut
284 1014 403 1077 viribus
432 1013 542 1077 confisi
564 1020 691 1078 tranare
715 1019 770 1077 aut
800 1013 946 1077 lintribus
979 1014 1118 1079 salutem

175 1117 359 1200 ereperire.
396 1117 429 1179 in
458 1115 508 1178 his
539 1115 599 1178 fuit
629 1115 830 1198 Ariovistus,
854 1118 908 1200 qui
936 1118 1116 1182 naviculam

210 1220 381 1303 deligatam
413 1220 454 1283 ad
487 1221 589 1304 ripam
630 1226 742 1284 nactus
779 1221 936 1304 profugit:
973 1224 1116 1306 reliquos

175 1345 187 1381 4
210 1344 321 1386 omnes
337 1323 501 1386 consecuti
515 1323 616 1386 nostri
627 1322 865 1386 interfecerunt.
890 1323 971 1388 duae
988 1325 1117 1389 luerunt

208 1425 364 1489 Ariovisti
385 1447 514 1506 uxores,
537 1447 601 1488 una
616 1424 722 1489 Sueba
737 1427 875 1507 natione,
898 1447 994 1510 quarn
1018 1426 1115 1491 domo

208 1550 316 1592 secum
326 1527 471 1610 duxerat,
483 1529 584 1591 altera
592 1527 721 1609 Norica,
733 1529 818 1609 regis
827 1527 1002 1593 Voccionis
1014 1551 1116 1614 soror,

208 1652 303 1715 quam
319 1633 351 1694 in
367 1631 471 1695 Gallia
489 1631 623 1695 duxerat
634 1631 759 1694 afratre
775 1632 920 1696 missam:
936 1639 1070 1718 utraque
1082 1637 1116 1700 in

208 1757 246 1800 ea
275 1735 352 1818 fuga
373 1736 478 1818 periit.
525 1732 606 1798 duae
629 1733 714 1797 filiae
738 1734 839 1798 altera
865 1736 989 1818 occisa,
1013 1738 1116 1802 altera

174 1865 186 1902 s
210 1844 301 1922 capta
318 1844 375 1902 est.
418 1837 453 1901 O.
462 1836 613 1901 Valerius
622 1837 789 1917 Procillus,
807 1860 879 1902 cum
895 1861 914 1902 a
929 1842 1115 1906 custodibus

208 1942 239 2004 in
261 1942 338 2023 fuga
360 1941 449 2004 trinis
466 1942 585 2004 catenis
607 1941 732 2004 vinctus
751 1941 940 2023 traheretur,
955 1943 989 2006 in
1010 1944 1115 2029 ipsum

173 2070 186 2107 s
210 2044 379 2108 Caesarem
392 2045 536 2128 equitatu
551 2049 739 2128 sequentem
751 2044 872 2108 incidit.
889 2065 969 2128 quae
984 2047 1115 2131 quidem

207 2168 258 2210 res
297 2147 425 2211 Caesari
462 2168 527 2209 non
562 2147 720 2210 minorem
751 2169 845 2231 quam
876 2148 945 2231 ipsa
980 2150 1116 2216 victoria

206 2251 405 2334 voluptatem
427 2250 552 2331 adtulit,
567 2248 655 2332 quod
676 2248 840 2314 hominem
855 2251 1114 2316 honestissimum

205 2354 400 2439 prouinciae,
416 2373 506 2414 suum
522 2351 710 2415 familiarem
733 2357 766 2415 et
780 2352 950 2436 hospitem,
967 2361 1115 2440 ereptum

208 2479 249 2521 ex
271 2456 415 2520 manibus
430 2456 571 2519 hostium
588 2454 647 2518 sibi
663 2455 845 2519 restitutum
859 2456 990 2520 videbat
1006 2479 1113 2542 neque

207 2563 274 2627 eius
298 2561 476 2623 calamitate
494 2557 535 2622 de
557 2564 646 2620 tanta
660 2559 824 2641 voluptate
848 2564 880 2622 et
899 2560 1113 2642 gratulatione

172 2665 374 2750 iquicquam
403 2662 532 2725 fortuna
562 2660 772 2725 deminuerat.
807 2683 841 2725 se
861 2671 1031 2746 praesente
1063 2671 1114 2729 ter

207 2765 343 2830 sortibus
379 2763 558 2827 consultum
593 2763 729 2846 dicebat,
763 2769 868 2828 utrum
903 2765 971 2847 igni
1005 2769 1111 2831 statim

205 2873 373 2933 necaretur
384 2890 423 2930 an
437 2869 470 2931 in
482 2868 567 2931 aliud
579 2874 706 2952 tempus
717 2876 952 2934 reservaretur:
969 2873 1112 2952 ,sortium

171 3001 184 3039 a
205 2971 360 3037 beneficio
381 2993 415 3035 se
438 2992 507 3036 esse
523 2972 739 3038 incolumem!
766 2975 845 3038 item
860 2973 904 3037 M.
920 2975 1038 3039 Metius
1061 2999 1110 3041 re·

205 3081 314 3160 pertus
338 3081 371 3139 et
392 3075 543 3139 reductus
565 3083 623 3141 est.

171 3207 183 3245 1
269 3178 356 3242 LIV.
393 3179 467 3242 Hoc
506 3180 629 3263 proelio
663 3186 748 3244 trans
780 3180 930 3243 Rhenum
964 3184 1109 3246 nuntiato

206 3282 319 3363 Suebi,
356 3283 410 3365 qui
446 3281 486 3344 ad
522 3284 607 3366 ripas
642 3282 749 3346 Rheni
781 3288 944 3363 venerant,
979 3282 1110 3348 domum

206 3385 343 3465 reverti3
372 3406 450 3468 quos
475 3385 561 3466 Ubii,
591 3386 645 3470 qui
674 3386 812 3468 proximi
841 3385 991 3449 Rhenum
1021 3388 1108 3452 inco·
