2332 3892
183 238 224 298 96
542 234 590 284 ru
619 187 732 284 3347,

146 440 159 480 r
247 422 388 487 XXXV.
424 423 552 505 Caesar,
576 425 637 487 etsi
650 425 747 506 idem,
771 424 856 507 quod
874 423 1094 508 superioribus

182 529 295 592 diebus
311 527 480 609 acciderat,
503 528 572 592 fore
587 527 728 613 videbat,
750 534 795 609 ut,
819 528 846 590 si
860 534 968 590 essent
984 528 1094 590 hostes

180 631 274 714 pulsi,
292 631 456 694 celeritate
472 631 650 714 periculum
667 630 857 715 effugerent,
873 639 983 695 tamen
998 651 1095 694 nano·

180 744 231 800 tus
254 734 378 818 equites
402 734 527 796 circiter
547 757 631 812 xxx,
654 754 734 817 quos
759 732 924 798 Commius
951 731 1095 796 Atrebas

113 860 116 868 ·
181 859 290 901 secum
312 842 593 918 transportaverat,
615 837 762 920 legiones
784 838 817 900 in
833 837 902 900 acie
918 837 1094 901 constituit.

121 964 163 1004 aa
182 940 352 1005 commisso
384 939 508 1022 proelio
539 938 650 1002 hostes
678 945 770 1022 terga
791 944 967 1003 verterunt.
1014 960 1096 1023 quos

181 1051 269 1108 tanto
292 1043 396 1126 spatio
421 1042 538 1123 secuti,
568 1049 687 1126 quanto
719 1065 812 1106 cursu
835 1050 868 1106 et
889 1044 1012 1108 viribus
1034 1064 1095 1127 po-

180 1151 318 1227 tuerunt,
344 1144 528 1209 occiderunt
552 1145 669 1209 deinde
690 1145 837 1209 omnibus
851 1146 949 1229 longe
964 1147 1096 1229 lateque

181 1249 335 1313 aedificiis
358 1249 496 1312 incensis
518 1269 553 1312 se
575 1266 776 1333 receperunt.

118 1374 163 1414 ns
246 1350 404 1414 XXXVI.
436 1350 562 1415 Eodem
585 1352 638 1415 die
661 1353 761 1436 legati
775 1361 942 1419 venerunt.
976 1353 1097 1418 Caesar

74 1468 77 1472 ’
181 1476 349 1519 numerum
390 1453 538 1518 obsidum
581 1454 756 1537 duplicavit
794 1476 913 1539 eosque
949 1457 984 1519 in
1019 1476 1096 1519 con-

180 1559 338 1622 tinentem
360 1556 476 1620 adduci
494 1558 596 1639 iussit,
619 1559 705 1640 quod
720 1559 901 1642 propinqua
916 1558 969 1622 die
986 1559 1096 1641 aequi·

181 1662 281 1730 noctii
301 1661 434 1723 infirmis
456 1661 590 1724 navibus
621 1663 862 1745 navigationem
894 1662 1095 1727 subeundam

147 1792 159 1830 a
182 1785 247 1831 non
263 1765 476 1829 existimabat.
504 1766 574 1847 ipse
589 1765 740 1830 idoneam
755 1771 982 1850 tempestatem
995 1787 1095 1830 nano·

182 1881 233 1936 tus
262 1870 358 1953 paulo
396 1877 470 1953 post
505 1869 646 1933 mediam
679 1877 810 1934 noctem
843 1890 943 1934 naves
982 1871 1095 1951 solvit3

148 1995 264 2059 equae
298 1995 409 2038 omnes
443 1975 621 2038 incolumes
654 1979 888 2056 pervenerunt;
929 1973 1106 2036 onerariae.

184 2079 266 2142 duae
299 2077 430 2141 eosdem
460 2084 572 2159 portus
604 2096 719 2160 capere
750 2098 816 2140 non
846 2082 1022 2159 potuerunt
1062 2081 1097 2138 et

183 2184 279 2266 paulo
302 2182 384 2245 infra
407 2182 533 2245 delatae
557 2189 638 2245 sunt.

148 2315 160 2355 1
247 2285 422 2349 XXXVII.
457 2285 580 2358 Quibus
604 2307 646 2348 ex
667 2285 801 2349 naribus
826 2305 898 2347 cum
914 2288 1022 2345 essent
1039 2302 1096 2344 ex·

182 2392 280 2475 positi
310 2390 428 2452 milites
461 2388 586 2451 circiter
616 2389 751 2451 trecenti
782 2394 876 2470 atque
916 2387 950 2448 in
991 2390 1097 2448 castra

184 2491 423 2571 contenderent,
446 2491 574 2571 Morini,
598 2511 677 2573 quos
697 2489 816 2554 Caesar
838 2491 871 2553 in
893 2489 1096 2552 Britanniam

182 2596 388 2681 proficiscens
409 2601 541 2677 pacatos
564 2594 753 2677 reliquerat,
786 2613 842 2677 spe
874 2591 1015 2675 praedae
1039 2594 1096 2656 ad·

184 2699 271 2764 ducti
292 2698 397 2781 primo
419 2697 552 2760 nonita
574 2717 691 2780 magno
714 2717 848 2760 numero
877 2697 1096 2759 circumstete-

182 2810 256 2867 runt
279 2824 332 2883 ac,
360 2801 387 2864 si
409 2801 544 2864 interfici
565 2801 705 2882 nollent,
738 2822 826 2864 arma
847 2820 968 2882 ponere
992 2800 1095 2863 iusse-

149 2913 266 2971 orunt.
297 2925 370 2967 curn
391 2904 438 2966 illi
462 2904 538 2969 orbe
561 2904 645 2968 facto
670 2924 741 2966 sese
764 2902 984 2983 defenderent,
1008 2904 1094 2966 cele-

182 3011 260 3073 riter
291 3008 332 3071 ad
362 3008 534 3072 clamorem
564 3009 730 3071 hominum
763 3007 887 3071 circiter
916 3007 1005 3070 milia
1035 3029 1095 3071 sex

125 3173 126 3177 ,
184 3118 409 3178 convenerunt.
455 3131 516 3194 qua
556 3131 591 3173 re
627 3112 773 3175 nuntiato
806 3109 924 3174 Caesar
964 3132 1094 3175 ornnem

149 3218 360 3301 sequitatum
392 3215 456 3278 suis
495 3214 591 3276 misit.
637 3216 765 3280 interim
799 3214 918 3277 milites
955 3216 1093 3298 amplius

183 3321 270 3384 horis
294 3324 442 3403 quattuor
464 3317 636 3381 fortissime
659 3324 883 3402 pugnaverunt
898 3318 1009 3399 paucis
1024 3319 1092 3381 vul-

150 3422 313 3487 sneribus
345 3420 494 3503 acceptis.
539 3427 653 3503 postea
684 3443 760 3485 vero
799 3441 894 3503 quarn
930 3421 1093 3503 equitatus
