<?xml version="1.0" encoding="UTF-8"?>
<!DOCTYPE html PUBLIC "-//W3C//DTD XHTML 1.0 Transitional//EN"
    "http://www.w3.org/TR/xhtml1/DTD/xhtml1-transitional.dtd">
<html xmlns="http://www.w3.org/1999/xhtml" xml:lang="en" lang="en">
 <head>
  <title>
</title>
<meta http-equiv="Content-Type" content="text/html;charset=utf-8" />
  <meta name='ocr-system' content='tesseract 3.04.00' />
  <meta name='ocr-capabilities' content='ocr_page ocr_carea ocr_par ocr_line ocrx_word'/>
</head>
<body>
  <div class='ocr_page' id='page_1' title='image "./ciuliicaesarisc00gitlgoog_0097.png"; bbox 0 0 2332 3892; ppageno 0'>
   <div class='ocr_carea' id='block_1_1' title="bbox 461 227 1060 328">
    <p class='ocr_par' dir='ltr' id='par_1_1' title="bbox 461 227 1060 344">
     <span class='ocr_line' id='line_1_1' title="bbox 461 227 1060 328; baseline 0 -14"><span class='ocrx_word' id='word_1_1' title='bbox 461 227 535 314; x_wconf 69' lang='lat' dir='ltr'>iv.</span> <span class='ocrx_word' id='word_1_2' title='bbox 565 264 676 313; x_wconf 75' lang='lat'>12-14.</span> <span class='ocrx_word' id='word_1_3' title='bbox 993 245 1060 328; x_wconf 71' lang='lat'>83&#39;</span> 
     </span>
    </p>
   </div>
   <div class='ocr_carea' id='block_1_2' title="bbox 125 434 1071 3514">
    <p class='ocr_par' dir='ltr' id='par_1_2' title="bbox 127 434 1069 932">
     <span class='ocr_line' id='line_1_2' title="bbox 130 434 1035 521; baseline 0.003 -25"><span class='ocrx_word' id='word_1_4' title='bbox 130 434 253 519; x_wconf 88' lang='lat' dir='ltr'>eripuit,</span> <span class='ocrx_word' id='word_1_5' title='bbox 277 434 345 519; x_wconf 90' lang='lat' dir='ltr'>ipse</span> <span class='ocrx_word' id='word_1_6' title='bbox 370 457 453 521; x_wconf 91' lang='lat' dir='ltr'>equo</span> <span class='ocrx_word' id='word_1_7' title='bbox 477 437 660 518; x_wconf 83' lang='lat' dir='ltr'>vulnerato,</span> <span class='ocrx_word' id='word_1_8' title='bbox 691 435 797 519; x_wconf 89' lang='lat' dir='ltr'>quoad</span> <span class='ocrx_word' id='word_1_9' title='bbox 821 436 941 520; x_wconf 87' lang='lat' dir='ltr'>potuit,</span> <span class='ocrx_word' id='word_1_10' title='bbox 970 436 1035 500; x_wconf 90' lang='lat' dir='ltr'>for-</span> 
     </span>
     <span class='ocr_line' id='line_1_3' title="bbox 130 538 1069 621; baseline 0.003 -22"><span class='ocrx_word' id='word_1_11' title='bbox 130 538 248 604; x_wconf 81' lang='lat' dir='ltr'>tissime</span> <span class='ocrx_word' id='word_1_12' title='bbox 272 540 404 621; x_wconf 84' lang='lat' dir='ltr'>restitit;</span> <span class='ocrx_word' id='word_1_13' title='bbox 435 561 507 604; x_wconf 84' lang='lat' dir='ltr'>cum</span> <span class='ocrx_word' id='word_1_14' title='bbox 530 542 765 604; x_wconf 84' lang='lat' dir='ltr'>circumventus</span> <span class='ocrx_word' id='word_1_15' title='bbox 792 540 899 603; x_wconf 90' lang='lat' dir='ltr'>multis</span> <span class='ocrx_word' id='word_1_16' title='bbox 922 540 1069 604; x_wconf 82' lang='lat' dir='ltr'>vulne-a</span> 
     </span>
     <span class='ocr_line' id='line_1_4' title="bbox 128 640 1037 727; baseline 0.004 -25"><span class='ocrx_word' id='word_1_17' title='bbox 128 640 212 706; x_wconf 84' lang='lat' dir='ltr'>ribus</span> <span class='ocrx_word' id='word_1_18' title='bbox 235 644 376 727; x_wconf 89' lang='lat' dir='ltr'>acceptis</span> <span class='ocrx_word' id='word_1_19' title='bbox 397 643 565 708; x_wconf 80' lang='lat' dir='ltr'>cecidisset</span> <span class='ocrx_word' id='word_1_20' title='bbox 588 649 685 726; x_wconf 87' lang='lat' dir='ltr'>atque</span> <span class='ocrx_word' id='word_1_21' title='bbox 708 643 742 705; x_wconf 90' lang='lat' dir='ltr'>id</span> <span class='ocrx_word' id='word_1_22' title='bbox 764 642 872 725; x_wconf 86' lang='lat' dir='ltr'>frater,</span> <span class='ocrx_word' id='word_1_23' title='bbox 896 645 950 727; x_wconf 92' lang='lat' dir='ltr'>qui</span> <span class='ocrx_word' id='word_1_24' title='bbox 972 644 1037 707; x_wconf 88' lang='lat' dir='ltr'>iam</span> 
     </span>
     <span class='ocr_line' id='line_1_5' title="bbox 127 744 1034 830; baseline 0.004 -24"><span class='ocrx_word' id='word_1_25' title='bbox 127 744 250 828; x_wconf 89' lang='lat' dir='ltr'>proelio</span> <span class='ocrx_word' id='word_1_26' title='bbox 263 751 456 828; x_wconf 81' lang='lat' dir='ltr'>excesserat,</span> <span class='ocrx_word' id='word_1_27' title='bbox 472 746 586 830; x_wconf 87' lang='lat' dir='ltr'>procul</span> <span class='ocrx_word' id='word_1_28' title='bbox 601 745 888 828; x_wconf 86' lang='lat' dir='ltr'>animadvertisset,</span> <span class='ocrx_word' id='word_1_29' title='bbox 905 747 1034 810; x_wconf 89' lang='lat' dir='ltr'>incitato</span> 
     </span>
     <span class='ocr_line' id='line_1_6' title="bbox 128 849 589 932; baseline 0.007 -22"><span class='ocrx_word' id='word_1_30' title='bbox 128 867 209 932; x_wconf 92' lang='lat' dir='ltr'>equo</span> <span class='ocrx_word' id='word_1_31' title='bbox 234 868 268 911; x_wconf 91' lang='lat' dir='ltr'>se</span> <span class='ocrx_word' id='word_1_32' title='bbox 291 849 438 913; x_wconf 88' lang='lat' dir='ltr'>hostibus</span> <span class='ocrx_word' id='word_1_33' title='bbox 463 849 589 914; x_wconf 86' lang='lat' dir='ltr'>obtulit.</span> 
     </span>
    </p>

    <p class='ocr_par' dir='ltr' id='par_1_3' title="bbox 125 949 1071 3205">
     <span class='ocr_line' id='line_1_7' title="bbox 190 949 1070 1038; baseline 0.008 -25"><span class='ocrx_word' id='word_1_34' title='bbox 190 949 288 1013; x_wconf 91' lang='lat' dir='ltr'><strong>XIII.</strong></span> <span class='ocrx_word' id='word_1_35' title='bbox 317 951 391 1016; x_wconf 93' lang='lat' dir='ltr'>Hoc</span> <span class='ocrx_word' id='word_1_36' title='bbox 420 952 504 1017; x_wconf 81' lang='lat' dir='ltr'>fecto</span> <span class='ocrx_word' id='word_1_37' title='bbox 533 954 659 1037; x_wconf 89' lang='lat' dir='ltr'>proelio</span> <span class='ocrx_word' id='word_1_38' title='bbox 692 952 810 1018; x_wconf 88' lang='lat' dir='ltr'>Gaesar</span> <span class='ocrx_word' id='word_1_39' title='bbox 838 975 943 1038; x_wconf 89' lang='lat' dir='ltr'>neque</span> <span class='ocrx_word' id='word_1_40' title='bbox 973 955 1070 1020; x_wconf 80' lang='lat' dir='ltr'>iamr</span> 
     </span>
     <span class='ocr_line' id='line_1_8' title="bbox 127 1052 1037 1142; baseline 0.008 -27"><span class='ocrx_word' id='word_1_41' title='bbox 127 1052 186 1116; x_wconf 89' lang='lat' dir='ltr'>sibi</span> <span class='ocrx_word' id='word_1_42' title='bbox 217 1053 344 1136; x_wconf 88' lang='lat' dir='ltr'>legatos</span> <span class='ocrx_word' id='word_1_43' title='bbox 374 1056 553 1121; x_wconf 87' lang='lat' dir='ltr'>audiendos</span> <span class='ocrx_word' id='word_1_44' title='bbox 584 1077 689 1142; x_wconf 89' lang='lat' dir='ltr'>neque</span> <span class='ocrx_word' id='word_1_45' title='bbox 720 1057 926 1122; x_wconf 83' lang='lat' dir='ltr'>condiciones</span> <span class='ocrx_word' id='word_1_46' title='bbox 955 1059 1037 1122; x_wconf 89' lang='lat' dir='ltr'>acci·</span> 
     </span>
     <span class='ocr_line' id='line_1_9' title="bbox 127 1157 1036 1245; baseline 0.008 -27"><span class='ocrx_word' id='word_1_47' title='bbox 127 1157 262 1241; x_wconf 89' lang='lat' dir='ltr'>piendas</span> <span class='ocrx_word' id='word_1_48' title='bbox 285 1159 498 1223; x_wconf 83' lang='lat' dir='ltr'>arbitrabatur</span> <span class='ocrx_word' id='word_1_49' title='bbox 521 1158 560 1223; x_wconf 89' lang='lat' dir='ltr'>ab</span> <span class='ocrx_word' id='word_1_50' title='bbox 584 1160 632 1241; x_wconf 90' lang='lat' dir='ltr'>iis,</span> <span class='ocrx_word' id='word_1_51' title='bbox 656 1159 710 1243; x_wconf 93' lang='lat' dir='ltr'>qui</span> <span class='ocrx_word' id='word_1_52' title='bbox 732 1181 791 1243; x_wconf 88' lang='lat' dir='ltr'>per</span> <span class='ocrx_word' id='word_1_53' title='bbox 808 1160 916 1224; x_wconf 91' lang='lat' dir='ltr'>dolum</span> <span class='ocrx_word' id='word_1_54' title='bbox 940 1167 1036 1245; x_wconf 89' lang='lat' dir='ltr'>atque</span> 
     </span>
     <span class='ocr_line' id='line_1_10' title="bbox 127 1261 1071 1348; baseline 0.001 -21"><span class='ocrx_word' id='word_1_55' title='bbox 127 1261 258 1327; x_wconf 85' lang='lat' dir='ltr'>insidias</span> <span class='ocrx_word' id='word_1_56' title='bbox 280 1262 382 1347; x_wconf 86' lang='lat' dir='ltr'>petita</span> <span class='ocrx_word' id='word_1_57' title='bbox 400 1283 479 1348; x_wconf 90' lang='lat' dir='ltr'>pace</span> <span class='ocrx_word' id='word_1_58' title='bbox 503 1265 587 1326; x_wconf 92' lang='lat' dir='ltr'>ultro</span> <span class='ocrx_word' id='word_1_59' title='bbox 604 1263 724 1326; x_wconf 90' lang='lat' dir='ltr'>bellum</span> <span class='ocrx_word' id='word_1_60' title='bbox 747 1263 945 1343; x_wconf 74' lang='lat' dir='ltr'>intulissent,</span> <span class='ocrx_word' id='word_1_61' title='bbox 968 1284 1036 1345; x_wconf 83' lang='lat' dir='ltr'>,ex-</span> <span class='ocrx_word' id='word_1_62' title='bbox 1059 1289 1071 1328; x_wconf 84' lang='lat' dir='ltr'>a</span> 
     </span>
     <span class='ocr_line' id='line_1_11' title="bbox 128 1366 1038 1451; baseline -0.001 -22"><span class='ocrx_word' id='word_1_63' title='bbox 128 1372 273 1451; x_wconf 85' lang='lat' dir='ltr'>spectare</span> <span class='ocrx_word' id='word_1_64' title='bbox 296 1387 391 1448; x_wconf 84' lang='lat' dir='ltr'>vero,</span> <span class='ocrx_word' id='word_1_65' title='bbox 424 1366 500 1430; x_wconf 89' lang='lat' dir='ltr'>dum</span> <span class='ocrx_word' id='word_1_66' title='bbox 529 1366 670 1429; x_wconf 87' lang='lat' dir='ltr'>hostium</span> <span class='ocrx_word' id='word_1_67' title='bbox 700 1366 812 1449; x_wconf 89' lang='lat' dir='ltr'>copiae</span> <span class='ocrx_word' id='word_1_68' title='bbox 843 1372 1038 1448; x_wconf 84' lang='lat' dir='ltr'>augerentur</span> 
     </span>
     <span class='ocr_line' id='line_1_12' title="bbox 128 1468 1036 1554; baseline 0 -21"><span class='ocrx_word' id='word_1_69' title='bbox 128 1469 351 1554; x_wconf 83' lang='lat' dir='ltr'>equitatusque</span> <span class='ocrx_word' id='word_1_70' title='bbox 367 1475 595 1551; x_wconf 80' lang='lat' dir='ltr'>reverteretur,</span> <span class='ocrx_word' id='word_1_71' title='bbox 611 1488 753 1532; x_wconf 88' lang='lat' dir='ltr'>summae</span> <span class='ocrx_word' id='word_1_72' title='bbox 767 1468 949 1533; x_wconf 88' lang='lat' dir='ltr'>dementiae</span> <span class='ocrx_word' id='word_1_73' title='bbox 966 1489 1036 1533; x_wconf 88' lang='lat' dir='ltr'>esse</span> 
     </span>
     <span class='ocr_line' id='line_1_13' title="bbox 127 1570 1070 1656; baseline 0.001 -22"><span class='ocrx_word' id='word_1_74' title='bbox 127 1572 258 1655; x_wconf 85' lang='lat' dir='ltr'>cognita</span> <span class='ocrx_word' id='word_1_75' title='bbox 274 1570 440 1636; x_wconf 80' lang='lat' dir='ltr'>Gallorum</span> <span class='ocrx_word' id='word_1_76' title='bbox 463 1573 655 1654; x_wconf 89' lang='lat' dir='ltr'>infirmitate,</span> <span class='ocrx_word' id='word_1_77' title='bbox 678 1578 832 1656; x_wconf 88' lang='lat' dir='ltr'>quantum</span> <span class='ocrx_word' id='word_1_78' title='bbox 847 1573 912 1636; x_wconf 91' lang='lat' dir='ltr'>iam</span> <span class='ocrx_word' id='word_1_79' title='bbox 927 1574 1036 1638; x_wconf 89' lang='lat' dir='ltr'>hostes</span> <span class='ocrx_word' id='word_1_80' title='bbox 1057 1597 1070 1635; x_wconf 85' lang='lat' dir='ltr'>s</span> 
     </span>
     <span class='ocr_line' id='line_1_14' title="bbox 127 1675 1037 1761; baseline 0.004 -24"><span class='ocrx_word' id='word_1_81' title='bbox 127 1694 190 1738; x_wconf 91' lang='lat' dir='ltr'>uno</span> <span class='ocrx_word' id='word_1_82' title='bbox 214 1675 340 1760; x_wconf 93' lang='lat' dir='ltr'>proelio</span> <span class='ocrx_word' id='word_1_83' title='bbox 364 1676 561 1740; x_wconf 89' lang='lat' dir='ltr'>auctoritatis</span> <span class='ocrx_word' id='word_1_84' title='bbox 586 1682 694 1740; x_wconf 90' lang='lat' dir='ltr'>essent</span> <span class='ocrx_word' id='word_1_85' title='bbox 715 1677 894 1758; x_wconf 89' lang='lat' dir='ltr'>consecuti;</span> <span class='ocrx_word' id='word_1_86' title='bbox 923 1678 1037 1761; x_wconf 88' lang='lat' dir='ltr'>quibus</span> 
     </span>
     <span class='ocr_line' id='line_1_15' title="bbox 127 1777 1071 1864; baseline 0.003 -24"><span class='ocrx_word' id='word_1_87' title='bbox 127 1777 166 1841; x_wconf 89' lang='lat' dir='ltr'>ad</span> <span class='ocrx_word' id='word_1_88' title='bbox 198 1779 333 1842; x_wconf 88' lang='lat' dir='ltr'>consilia</span> <span class='ocrx_word' id='word_1_89' title='bbox 361 1779 517 1864; x_wconf 88' lang='lat' dir='ltr'>capienda</span> <span class='ocrx_word' id='word_1_90' title='bbox 545 1778 624 1842; x_wconf 91' lang='lat' dir='ltr'>nihil</span> <span class='ocrx_word' id='word_1_91' title='bbox 656 1779 750 1863; x_wconf 87' lang='lat' dir='ltr'>spatii</span> <span class='ocrx_word' id='word_1_92' title='bbox 780 1779 942 1844; x_wconf 86' lang='lat' dir='ltr'>dandum.‘</span> <span class='ocrx_word' id='word_1_93' title='bbox 987 1781 1071 1843; x_wconf 65' lang='lat' dir='ltr'>hisi</span> 
     </span>
     <span class='ocr_line' id='line_1_16' title="bbox 126 1881 1036 1967; baseline 0.003 -23"><span class='ocrx_word' id='word_1_94' title='bbox 126 1881 308 1945; x_wconf 89' lang='lat' dir='ltr'>constitutis</span> <span class='ocrx_word' id='word_1_95' title='bbox 330 1883 426 1946; x_wconf 89' lang='lat' dir='ltr'>rebus</span> <span class='ocrx_word' id='word_1_96' title='bbox 450 1888 483 1946; x_wconf 90' lang='lat' dir='ltr'>et</span> <span class='ocrx_word' id='word_1_97' title='bbox 498 1882 630 1946; x_wconf 87' lang='lat' dir='ltr'>consilio</span> <span class='ocrx_word' id='word_1_98' title='bbox 648 1901 720 1944; x_wconf 92' lang='lat' dir='ltr'>cum</span> <span class='ocrx_word' id='word_1_99' title='bbox 743 1883 859 1964; x_wconf 83' lang='lat' dir='ltr'>legatis</span> <span class='ocrx_word' id='word_1_100' title='bbox 883 1888 916 1945; x_wconf 91' lang='lat' dir='ltr'>et</span> <span class='ocrx_word' id='word_1_101' title='bbox 938 1903 1036 1967; x_wconf 88' lang='lat' dir='ltr'>quae·</span> 
     </span>
     <span class='ocr_line' id='line_1_17' title="bbox 125 1985 1036 2069; baseline 0 -20"><span class='ocrx_word' id='word_1_102' title='bbox 125 1991 212 2051; x_wconf 91' lang='lat' dir='ltr'>store</span> <span class='ocrx_word' id='word_1_103' title='bbox 224 1985 470 2065; x_wconf 86' lang='lat' dir='ltr'>communicato,</span> <span class='ocrx_word' id='word_1_104' title='bbox 489 2005 629 2068; x_wconf 91' lang='lat' dir='ltr'>nequem</span> <span class='ocrx_word' id='word_1_105' title='bbox 648 1985 733 2048; x_wconf 93' lang='lat' dir='ltr'>diem</span> <span class='ocrx_word' id='word_1_106' title='bbox 749 1989 876 2069; x_wconf 82' lang='lat' dir='ltr'>pugnae</span> <span class='ocrx_word' id='word_1_107' title='bbox 892 1992 1036 2069; x_wconf 88' lang='lat' dir='ltr'>practer·</span> 
     </span>
     <span class='ocr_line' id='line_1_18' title="bbox 125 2089 1035 2174; baseline 0.002 -22"><span class='ocrx_word' id='word_1_108' title='bbox 125 2089 284 2172; x_wconf 89' lang='lat' dir='ltr'>mitteret,</span> <span class='ocrx_word' id='word_1_109' title='bbox 315 2089 585 2174; x_wconf 91' lang='lat' dir='ltr'>opportunissime</span> <span class='ocrx_word' id='word_1_110' title='bbox 609 2089 742 2171; x_wconf 88' lang='lat' dir='ltr'>accidit,</span> <span class='ocrx_word' id='word_1_111' title='bbox 772 2090 859 2174; x_wconf 90' lang='lat' dir='ltr'>quod</span> <span class='ocrx_word' id='word_1_112' title='bbox 881 2091 1035 2174; x_wconf 89' lang='lat' dir='ltr'>postridie</span> 
     </span>
     <span class='ocr_line' id='line_1_19' title="bbox 126 2192 1035 2259; baseline -0.001 -1"><span class='ocrx_word' id='word_1_113' title='bbox 126 2195 194 2259; x_wconf 91' lang='lat' dir='ltr'>eius</span> <span class='ocrx_word' id='word_1_114' title='bbox 219 2193 285 2259; x_wconf 90' lang='lat' dir='ltr'>diei</span> <span class='ocrx_word' id='word_1_115' title='bbox 306 2216 401 2259; x_wconf 87' lang='lat' dir='ltr'>mane</span> <span class='ocrx_word' id='word_1_116' title='bbox 424 2193 539 2259; x_wconf 89' lang='lat' dir='ltr'>eadem</span> <span class='ocrx_word' id='word_1_117' title='bbox 568 2193 771 2258; x_wconf 87' lang='lat' dir='ltr'>simulatione</span> <span class='ocrx_word' id='word_1_118' title='bbox 796 2192 949 2258; x_wconf 81' lang='lat' dir='ltr'>Germani</span> <span class='ocrx_word' id='word_1_119' title='bbox 971 2193 1035 2257; x_wconf 86' lang='lat' dir='ltr'>fre-</span> 
     </span>
     <span class='ocr_line' id='line_1_20' title="bbox 126 2297 1069 2382; baseline 0.002 -22"><span class='ocrx_word' id='word_1_120' title='bbox 126 2303 262 2381; x_wconf 89' lang='lat' dir='ltr'>quentes</span> <span class='ocrx_word' id='word_1_121' title='bbox 285 2297 431 2362; x_wconf 88' lang='lat' dir='ltr'>omnibus</span> <span class='ocrx_word' id='word_1_122' title='bbox 453 2297 658 2382; x_wconf 89' lang='lat' dir='ltr'>principibus,</span> <span class='ocrx_word' id='word_1_123' title='bbox 682 2298 856 2362; x_wconf 88' lang='lat' dir='ltr'>maioribus</span> <span class='ocrx_word' id='word_1_124' title='bbox 878 2304 956 2362; x_wconf 91' lang='lat' dir='ltr'>natu</span> <span class='ocrx_word' id='word_1_125' title='bbox 979 2297 1069 2362; x_wconf 73' lang='lat' dir='ltr'>ads</span> 
     </span>
     <span class='ocr_line' id='line_1_21' title="bbox 126 2399 1036 2486; baseline 0.003 -25"><span class='ocrx_word' id='word_1_126' title='bbox 126 2399 234 2463; x_wconf 90' lang='lat' dir='ltr'>bibitis</span> <span class='ocrx_word' id='word_1_127' title='bbox 257 2406 429 2481; x_wconf 82' lang='lat' dir='ltr'>venerunt,</span> <span class='ocrx_word' id='word_1_128' title='bbox 460 2401 570 2482; x_wconf 92' lang='lat' dir='ltr'>simul,</span> <span class='ocrx_word' id='word_1_129' title='bbox 599 2406 635 2464; x_wconf 92' lang='lat' dir='ltr'>ut</span> <span class='ocrx_word' id='word_1_130' title='bbox 665 2400 846 2482; x_wconf 87' lang='lat' dir='ltr'>dicebatur,</span> <span class='ocrx_word' id='word_1_131' title='bbox 876 2401 1036 2486; x_wconf 84' lang='lat' dir='ltr'>purgandi</span> 
     </span>
     <span class='ocr_line' id='line_1_22' title="bbox 125 2503 1037 2588; baseline 0.002 -22"><span class='ocrx_word' id='word_1_132' title='bbox 125 2523 237 2584; x_wconf 89' lang='lat' dir='ltr'>causa,</span> <span class='ocrx_word' id='word_1_133' title='bbox 268 2503 354 2587; x_wconf 91' lang='lat' dir='ltr'>quod</span> <span class='ocrx_word' id='word_1_134' title='bbox 383 2509 495 2568; x_wconf 86' lang='lat' dir='ltr'>contra</span> <span class='ocrx_word' id='word_1_135' title='bbox 523 2510 617 2588; x_wconf 91' lang='lat' dir='ltr'>atque</span> <span class='ocrx_word' id='word_1_136' title='bbox 649 2511 734 2588; x_wconf 84' lang='lat' dir='ltr'>esset</span> <span class='ocrx_word' id='word_1_137' title='bbox 762 2504 881 2568; x_wconf 89' lang='lat' dir='ltr'>dictum</span> <span class='ocrx_word' id='word_1_138' title='bbox 913 2509 946 2568; x_wconf 93' lang='lat' dir='ltr'>et</span> <span class='ocrx_word' id='word_1_139' title='bbox 975 2504 1037 2587; x_wconf 87' lang='lat' dir='ltr'>ipsi</span> 
     </span>
     <span class='ocr_line' id='line_1_23' title="bbox 125 2605 1061 2690; baseline 0.002 -21"><span class='ocrx_word' id='word_1_140' title='bbox 125 2607 292 2690; x_wconf 86' lang='lat' dir='ltr'>petissent,</span> <span class='ocrx_word' id='word_1_141' title='bbox 314 2606 473 2690; x_wconf 87' lang='lat' dir='ltr'>proelium</span> <span class='ocrx_word' id='word_1_142' title='bbox 488 2605 592 2690; x_wconf 89' lang='lat' dir='ltr'>pridie</span> <span class='ocrx_word' id='word_1_143' title='bbox 610 2607 854 2687; x_wconf 82' lang='lat' dir='ltr'>commisissent,</span> <span class='ocrx_word' id='word_1_144' title='bbox 878 2607 972 2670; x_wconf 87' lang='lat' dir='ltr'>simul</span> <span class='ocrx_word' id='word_1_145' title='bbox 988 2613 1034 2689; x_wconf 91' lang='lat' dir='ltr'>ut,</span> <span class='ocrx_word' id='word_1_146' title='bbox 1060 2668 1061 2671; x_wconf 74' lang='grc'>,</span> 
     </span>
     <span class='ocr_line' id='line_1_24' title="bbox 126 2706 1033 2794; baseline 0.003 -22"><span class='ocrx_word' id='word_1_147' title='bbox 126 2706 232 2793; x_wconf 89' lang='lat' dir='ltr'>siquid</span> <span class='ocrx_word' id='word_1_148' title='bbox 255 2714 402 2792; x_wconf 89' lang='lat' dir='ltr'>possent,</span> <span class='ocrx_word' id='word_1_149' title='bbox 427 2709 468 2772; x_wconf 88' lang='lat' dir='ltr'>de</span> <span class='ocrx_word' id='word_1_150' title='bbox 490 2708 621 2772; x_wconf 87' lang='lat' dir='ltr'>indutiis</span> <span class='ocrx_word' id='word_1_151' title='bbox 643 2709 784 2774; x_wconf 87' lang='lat' dir='ltr'>fallendo</span> <span class='ocrx_word' id='word_1_152' title='bbox 812 2711 1033 2794; x_wconf 88' lang='lat' dir='ltr'>impetrarent.</span> 
     </span>
     <span class='ocr_line' id='line_1_25' title="bbox 125 2812 1068 2897; baseline -0.001 -21"><span class='ocrx_word' id='word_1_153' title='bbox 125 2833 206 2897; x_wconf 90' lang='lat' dir='ltr'>quos</span> <span class='ocrx_word' id='word_1_154' title='bbox 230 2812 290 2876; x_wconf 92' lang='lat' dir='ltr'>sibi</span> <span class='ocrx_word' id='word_1_155' title='bbox 315 2812 432 2877; x_wconf 86' lang='lat' dir='ltr'>Gaesar</span> <span class='ocrx_word' id='word_1_156' title='bbox 456 2812 581 2876; x_wconf 86' lang='lat' dir='ltr'>oblatos</span> <span class='ocrx_word' id='word_1_157' title='bbox 610 2814 738 2895; x_wconf 86' lang='lat' dir='ltr'>gavisus</span> <span class='ocrx_word' id='word_1_158' title='bbox 767 2814 899 2878; x_wconf 91' lang='lat' dir='ltr'>retineri</span> <span class='ocrx_word' id='word_1_159' title='bbox 927 2814 1068 2897; x_wconf 79' lang='lat' dir='ltr'>iussit3a</span> 
     </span>
     <span class='ocr_line' id='line_1_26' title="bbox 126 2913 1034 3000; baseline 0.004 -24"><span class='ocrx_word' id='word_1_160' title='bbox 126 2915 194 2998; x_wconf 88' lang='lat' dir='ltr'>ipse</span> <span class='ocrx_word' id='word_1_161' title='bbox 226 2934 339 2978; x_wconf 88' lang='lat' dir='ltr'>omnes</span> <span class='ocrx_word' id='word_1_162' title='bbox 370 2915 479 2998; x_wconf 90' lang='lat' dir='ltr'>copias</span> <span class='ocrx_word' id='word_1_163' title='bbox 512 2913 624 2978; x_wconf 84' lang='lat' dir='ltr'>eduxit</span> <span class='ocrx_word' id='word_1_164' title='bbox 656 2916 913 3000; x_wconf 90' lang='lat' dir='ltr'>equitatumque,</span> <span class='ocrx_word' id='word_1_165' title='bbox 946 2915 1034 3000; x_wconf 89' lang='lat' dir='ltr'>quod</span> 
     </span>
     <span class='ocr_line' id='line_1_27' title="bbox 125 3018 1034 3103; baseline 0.006 -22"><span class='ocrx_word' id='word_1_166' title='bbox 125 3018 248 3082; x_wconf 91' lang='lat' dir='ltr'>recenti</span> <span class='ocrx_word' id='word_1_167' title='bbox 256 3018 380 3102; x_wconf 88' lang='lat' dir='ltr'>proelio</span> <span class='ocrx_word' id='word_1_168' title='bbox 393 3020 599 3102; x_wconf 87' lang='lat' dir='ltr'>perterritum</span> <span class='ocrx_word' id='word_1_169' title='bbox 610 3040 679 3085; x_wconf 90' lang='lat' dir='ltr'>esse</span> <span class='ocrx_word' id='word_1_170' title='bbox 690 3020 901 3101; x_wconf 86' lang='lat' dir='ltr'>existimabat,</span> <span class='ocrx_word' id='word_1_171' title='bbox 917 3041 1034 3103; x_wconf 86' lang='lat' dir='ltr'>agmen</span> 
     </span>
     <span class='ocr_line' id='line_1_28' title="bbox 127 3121 403 3205; baseline -0.004 -20"><span class='ocrx_word' id='word_1_172' title='bbox 127 3121 280 3205; x_wconf 84' lang='lat' dir='ltr'>subsequi</span> <span class='ocrx_word' id='word_1_173' title='bbox 303 3121 403 3184; x_wconf 89' lang='lat' dir='ltr'>iussit.</span> 
     </span>
    </p>

    <p class='ocr_par' dir='ltr' id='par_1_4' title="bbox 127 3223 1064 3514">
     <span class='ocr_line' id='line_1_29' title="bbox 190 3223 1064 3308; baseline 0.001 -20"><span class='ocrx_word' id='word_1_174' title='bbox 190 3223 283 3288; x_wconf 85' lang='lat' dir='ltr'>XIV.</span> <span class='ocrx_word' id='word_1_175' title='bbox 311 3223 392 3288; x_wconf 87' lang='lat' dir='ltr'>Acie</span> <span class='ocrx_word' id='word_1_176' title='bbox 415 3223 532 3308; x_wconf 87' lang='lat' dir='ltr'>triplici</span> <span class='ocrx_word' id='word_1_177' title='bbox 560 3223 703 3287; x_wconf 90' lang='lat' dir='ltr'>instituta</span> <span class='ocrx_word' id='word_1_178' title='bbox 733 3229 766 3288; x_wconf 91' lang='lat' dir='ltr'>et</span> <span class='ocrx_word' id='word_1_179' title='bbox 788 3224 935 3288; x_wconf 90' lang='lat' dir='ltr'>celeriter</span> <span class='ocrx_word' id='word_1_180' title='bbox 959 3232 1064 3298; x_wconf 84' lang='lat' dir='ltr'>octo1</span> 
     </span>
     <span class='ocr_line' id='line_1_30' title="bbox 127 3326 1032 3410; baseline 0.001 -20"><span class='ocrx_word' id='word_1_181' title='bbox 127 3327 249 3390; x_wconf 89' lang='lat' dir='ltr'>milium</span> <span class='ocrx_word' id='word_1_182' title='bbox 278 3326 392 3390; x_wconf 89' lang='lat' dir='ltr'>itinere</span> <span class='ocrx_word' id='word_1_183' title='bbox 416 3326 562 3390; x_wconf 85' lang='lat' dir='ltr'>confecto</span> <span class='ocrx_word' id='word_1_184' title='bbox 585 3327 672 3410; x_wconf 89' lang='lat' dir='ltr'>prius</span> <span class='ocrx_word' id='word_1_185' title='bbox 702 3327 742 3390; x_wconf 87' lang='lat' dir='ltr'>ad</span> <span class='ocrx_word' id='word_1_186' title='bbox 765 3328 906 3391; x_wconf 89' lang='lat' dir='ltr'>hostium</span> <span class='ocrx_word' id='word_1_187' title='bbox 929 3333 1032 3391; x_wconf 90' lang='lat' dir='ltr'>castra</span> 
     </span>
     <span class='ocr_line' id='line_1_31' title="bbox 127 3426 1031 3514; baseline -0.001 -20"><span class='ocrx_word' id='word_1_188' title='bbox 127 3428 275 3514; x_wconf 83' lang='lat' dir='ltr'>pervenit</span> <span class='ocrx_word' id='word_1_189' title='bbox 296 3448 391 3512; x_wconf 89' lang='lat' dir='ltr'>quam</span> <span class='ocrx_word' id='word_1_190' title='bbox 414 3426 491 3512; x_wconf 89' lang='lat' dir='ltr'>quid</span> <span class='ocrx_word' id='word_1_191' title='bbox 518 3434 669 3512; x_wconf 78' lang='lat' dir='ltr'>egeratur·</span> <span class='ocrx_word' id='word_1_192' title='bbox 692 3428 844 3494; x_wconf 80' lang='lat' dir='ltr'>Germani</span> <span class='ocrx_word' id='word_1_193' title='bbox 866 3431 1031 3495; x_wconf 88' lang='lat' dir='ltr'>sentirent.</span> 
     </span>
    </p>
   </div>
   <div class='ocr_carea' id='block_1_3' title="bbox 0 0 1170 3892">
    <p class='ocr_par' dir='ltr' id='par_1_5' title="bbox 0 0 1170 3892">
     <span class='ocr_line' id='line_1_32' title="bbox 0 0 1170 3892; baseline 0 0"><span class='ocrx_word' id='word_1_194' title='bbox 0 0 1170 3892; x_wconf 95' lang='lat' dir='ltr'> </span> 
     </span>
    </p>
   </div>
  </div>
 </body>
</html>
