2332 3892
125 260 165 324 53
487 257 523 306 11.
551 256 661 306 sr-ea

73 416 76 421 ¹
123 436 281 510 naturum,
305 427 330 492 si
353 428 551 512 priusquam
567 448 693 501 murum
712 425 794 491 aries
817 425 974 509 attigisset
996 448 1032 491 se

11 543 13 546 ·
89 532 337 614 adedidissent3
371 532 428 595 sed
462 531 633 595 deditionis
664 531 784 594 nullam
817 551 888 594 esse
921 529 1032 593 condi·

124 637 250 700 cionem
273 635 333 699 nisi
356 636 451 699 armis
473 635 608 699 traditis.
653 656 687 698 se
710 634 760 715 id,
784 633 870 719 quod
893 633 927 696 in
948 632 1032 697 Ner·

124 740 184 802 viis
206 739 350 819 fecisset,
382 738 539 801 facturum
562 737 766 821 finitimisque
789 738 1032 820 imperaturum,

4 894 8 919 ,
123 862 261 925 nequam
296 839 454 903 dediticiis
489 841 601 926 populi
630 841 770 904 Romani
806 841 953 904 iniuriam
984 841 1031 903 in-

3 936 8 948 *
90 946 253 1010 sferrent.
291 945 471 1035 renuntiato
496 943 537 1008 ad
561 964 654 1026 suos,
682 964 763 1027 quae
789 943 1031 1028 imperarentur,

90 1050 230 1113 efacere
268 1047 428 1112 dixerunt.
476 1069 636 1112 armorum
673 1068 790 1130 magna
828 1047 1033 1111 multitudine

126 1152 167 1215 de
196 1172 287 1215 muro
309 1153 343 1215 in
365 1127 609 1261 fossamiiacta,
642 1154 687 1216 sic
716 1160 751 1216 ut
779 1173 879 1237 prope
910 1133 1063 1216 summam

13 1231 91 1295 {twa

30 1280 47 1287 ¹·
67 1276 80 1283 ··
125 1257 208 1319 muri
230 1234 563 1340 aggerisque'scsrvn
557 1241 758 1359 dequarent,
786 1264 819 1322 et
841 1264 950 1322 tamen
974 1258 1034 1321 cir·

127 1360 170 1423 cit
172 1380 206 1423 cr
243 1364 333 1442 parte
371 1353 587 1451 tertiait
504 1361 607 1424 celata
644 1367 738 1445 atque
776 1367 825 1425 ret
828 1367 902 1425 enta
932 1363 1034 1445 portis

126 1468 201 1545 pate
169 1461 276 1525 tet'fac
254 1468 295 1524 trs
319 1482 357 1525 eo
383 1462 434 1525 die
457 1483 535 1546 pace
559 1470 632 1527 sunt
654 1465 713 1527 usi.

93 1600 104 1639 1
213 1564 375 1630 XXXIII.
403 1567 468 1630 Sub
484 1588 654 1651 vesperum
672 1567 790 1632 Caesar
805 1573 914 1652 portas
867 1567 1036 1632 tclaudi

128 1669 209 1732 milit
196 1648 453 1767 tesquqdexire
445 1671 537 1733 mssit
547 1691 724 1754 ,nequam
756 1660 869 1735 noctu
862 1692 1034 1769 Lrmurram

35 1809 52 1867 p
94 1774 320 1858 sacciperent
297 1773 418 1836 tilli
428 1720 556 1857 ,iquod
597 1772 760 1838 deditione
794 1775 878 1838 facta
908 1780 1035 1838 nostros

34 1870 50 1965 ji
127 1863 316 1972 praesidiai
330 1877 550 1962 indiligentius
597 1884 778 1943 servaturos
822 1879 1035 1961 crediderant

127 1982 243 2065 partim
277 1982 394 2071 captis,
428 2002 510 2065 quae
542 1983 740 2046 retinuerant
780 1985 1036 2064 etcelaverant

128 2085 223 2148 armis
245 2092 317 2168 part
319 2086 360 2147 im
390 2087 487 2148 scutis
510 2107 551 2149 ex
579 2087 697 2149 cortice
720 2085 810 2149 fectis
834 2093 888 2148 eut
911 2086 1036 2150 vimini-

128 2188 188 2252 bus
210 2188 358 2269 intextis,
390 2210 472 2271 quae
496 2189 620 2268 subito,
643 2195 678 2251 ut
700 2190 853 2272 temporis
877 2190 1035 2273 exiguitas

128 2290 321 2409 postulabat,
345 2290 481 2374 pellibus
496 2291 734 2373 induxerant,t
722 2299 785 2356 tter
786 2294 817 2356 is
831 2293 951 2375 vigilia,
975 2313 1037 2376 qua

129 2395 259 2459 minime
283 2394 400 2457 arduus
423 2393 464 2457 ad
486 2395 588 2480 munit
589 2395 679 2458 iones
695 2415 843 2459 ascensus
858 2394 987 2460 videbat
975 2400 1035 2476 tur,

130 2498 275 2562 omnibus
312 2498 413 2582 copiis
449 2502 562 2580 repen
564 2479 741 2594 rnoperup
743 2498 851 2562 ionem
879 2498 1035 2561 fecerunt.

94 2602 240 2670 scelerit
242 2621 277 2664 er
298 2599 426 2682 ignibus
450 2600 766 2683 significationet
703 2602 787 2663 facta
813 2621 855 2664 ex
881 2601 1036 2685 proximis

94 2735 108 2773 ι
130 2704 267 2769 castellis
291 2722 329 2766 eo
354 2721 544 2766 concursum
574 2709 622 2767 est
650 2710 890 2788 pugnatumque
915 2703 954 2766 ab
977 2704 1036 2766 ho·

130 2809 229 2872 stibus
251 2806 297 2868 ita
318 2805 449 2888 acriter,
479 2812 514 2868 ut
537 2827 556 2869 e
578 2807 652 2869 viris
678 2807 812 2870 fortibus
835 2808 868 2869 in
891 2813 1037 2870 extrema

130 2932 186 2995 spe
209 2910 319 2973 salutis
341 2910 450 2993 iniquo
475 2911 546 2974 loco
571 2918 683 2974 contra
705 2931 779 2992 eos,
810 2910 864 2994 qni
887 2931 929 2974 ex
952 2911 1035 2974 vallo

95 3042 108 3080 s
130 3015 332 3096 turribusque
355 3014 421 3078 tela
442 3015 593 3097 iacerent,
615 3015 751 3099 pugnari
768 3001 915 3102 debuitl-
925 3015 1036 3079 occisis

131 3117 172 3181 ad
193 3117 358 3180 hominum
381 3117 508 3181 milibus
532 3124 681 3201 quattuor
696 3119 811 3203 reliqui
826 3119 938 3182 reiecti
953 3125 1035 3182 sunt.

96 3248 108 3286 c
129 3218 284 3315 postridie
308 3220 376 3283 eius
401 3219 464 3284 diei
487 3221 629 3285 refractis
652 3227 725 3305 port
726 3223 768 3303 is,
798 3243 871 3285 cum
892 3222 955 3284 iam
979 3222 1035 3286 de·

130 3322 277 3387 fenderct
299 3342 448 3403 nemo,c
449 3330 524 3408 tque
548 3325 738 3387 intromissis
754 3325 834 3388 milit
822 3296 996 3440 tibupsect
987 3346 1035 3389 ro-

97 3446 206 3495 rnem
222 3406 231 3471 i
243 3426 424 3491 universam
460 3426 580 3492 Caesar
612 3426 767 3491 vendidit.
821 3427 902 3490 ab
893 3428 950 3510 ris,
983 3429 1036 3512 qui
