2332 3892
437 246 486 296 vr.
516 247 627 296 13-14.
777 328 779 332 ι
944 250 1004 312 139

108 406 263 489 auidum,
303 406 437 470 alterum
478 406 629 490 equitum.
674 404 722 467 illi
758 403 853 466 rebus
887 403 1036 470 divinisr

108 515 267 590 ntersunt,
291 507 443 572 sacrificia
463 507 593 592 publica
615 527 652 570 ac
674 507 799 588 privata
821 512 1002 589 procurant,

109 612 268 696 eligiones
303 611 552 695 interpretantur
590 629 771 694 magnoque
810 615 883 673 sunt
918 607 1003 692 apud

108 735 206 779 »mnes
235 715 368 779 honore.
413 735 488 778 nam
516 714 584 777 fere
614 712 655 778 de
686 712 832 778 omnibus
867 712 1038 796 publiciss

108 817 307 901 ›rivatisque,
340 818 454 903 siquod
477 825 526 882 est
554 818 693 898 facinus,
723 817 751 880 si
774 815 889 881 caedes
910 815 1003 896 faeta,

108 920 135 985 lo
157 920 349 1002 hereditate,
373 921 414 985 de
435 922 551 986 finibus
573 920 661 985 idem
677 920 853 984 decernunt
867 939 1004 1004 poenas-

108 1043 156 1108 que
180 1024 393 1104 constituunt3
428 1008 510 1108 siqui
539 1031 594 1088 aut
624 1025 767 1108 privatus
790 1029 844 1088 aut
866 1024 1038 1107 populuso

108 1125 227 1191 lcoreto
257 1146 323 1191 non
355 1127 460 1208 stetit,
492 1127 653 1190 sacrificiis
676 1125 879 1190 interdicunt.
924 1127 1004 1190 haee

108 1249 204 1296 >oenc
225 1228 313 1313 apud
335 1250 390 1294 eos
414 1236 463 1293 est
485 1231 683 1314 gravissima.
715 1229 828 1313 quibus
845 1235 894 1292 est
908 1230 1038 1292 inter-r

108 1334 229 1415 lictum,
253 1352 386 1397 numero
402 1333 575 1417 impiorum
590 1354 627 1397 ac
643 1332 871 1397 sceleratorum
885 1333 1006 1397 haben·

108 1459 164 1502 ur:
199 1433 311 1501 omnes
335 1435 467 1518 cedunt,
497 1436 620 1501 aditum
641 1436 784 1520 fugiunt,
814 1435 934 1520 nequid
964 1456 1007 1500 ex

108 1539 292 1622 contagione
313 1537 511 1603 incommodi
533 1539 704 1622 accipiant3
734 1538 838 1623 neque
868 1540 1007 1623 petenti·

108 1663 157 1708 rus
186 1643 237 1706 ius
265 1640 411 1706 redditur
438 1663 542 1727 neque
571 1643 676 1708 honos
711 1643 796 1707 ullus
832 1644 1007 1707 communi·

108 1751 199 1810 satum
231 1745 378 1808 omnibus
401 1745 567 1809 druidibus
588 1750 717 1828 praeest
737 1766 829 1827 unus,
853 1746 908 1828 qui
923 1766 1040 1813 sum-a

108 1870 186 1914 nam
208 1849 292 1912 inter
314 1868 370 1912 eos
392 1848 490 1913 habet
511 1848 744 1913 auctoritatem.
788 1848 850 1911 hoc
880 1855 1006 1913 mortuo
1028 1877 1040 1916 o

108 1958 173 2033 aut,
206 1950 288 2034 siqui
321 1950 450 2014 excellit
481 1949 653 2034 dignitate,
685 1948 843 2031 succedit,
875 1956 946 2029 aut,
980 1951 1008 2014 si
1061 1991 1063 1997 ·

108 2061 173 2120 sunt
188 2074 293 2139 pares,
317 2053 468 2138 suffragio
483 2053 642 2135 druidum,
657 2074 894 2137 nonnumquam
911 2055 1007 2118 etiam
1096 2087 1097 2095 κ

108 2157 197 2223 armis
221 2156 261 2220 de
283 2156 463 2240 principatu
491 2156 697 2221 contendunt.
743 2162 830 2220 oerto
861 2162 1040 2240 temporem

108 2259 276 2324 infinibus
301 2257 490 2338 Carnutum,
523 2279 604 2342 quae
635 2260 725 2343 regio
754 2260 853 2325 totius
883 2260 1007 2326 Galliae

108 2362 210 2427 media
249 2361 403 2442 habetur,
444 2361 614 2425 considunt
644 2362 678 2425 in
707 2361 780 2427 loco
813 2368 1008 2431 consecrato.

108 2467 163 2530 huo
192 2484 303 2530 omnes
334 2463 491 2547 undique,
528 2458 581 2548 qui
613 2465 845 2529 controversias
878 2466 1007 2547 habent,

108 2568 306 2634 conveniunt.
337 2565 505 2650 disciplina
526 2567 559 2630 in
577 2567 742 2630 Britannia
763 2573 892 2652 reperta
914 2575 1008 2652 atque
1017 2592 1042 2632 11

108 2673 176 2736 inde
207 2672 243 2734 in
266 2670 405 2734 Galliam
428 2670 581 2734 translata
603 2671 819 2735 existimatur:
853 2678 886 2735 et
915 2694 1008 2756 nunc,
1120 2662 1122 2667 ¹

110 2775 157 2856 qui
181 2772 368 2856 diligentius
391 2792 463 2835 eam
484 2792 553 2836 rem
576 2793 770 2856 cognoscere
792 2776 919 2857 volunt,
941 2777 1024 2861 ple-y

111 2895 238 2960 rumque
261 2876 317 2940 illo
341 2876 591 2959 proficiscuntur.

166 2978 259 3042 XIV.
287 2977 427 3042 Druides
442 2979 574 3043 militiae
590 2982 790 3045 vacationem
806 2983 1008 3066 omniumque
1030 3010 1042 3051 1

112 3100 210 3146 rerum
233 3080 352 3145 habent
374 3082 617 3145 immunitatem.
648 3084 744 3146 tantis
767 3085 898 3147 excitati
919 3106 1043 3168 prae-2

110 3184 177 3249 niis
200 3192 234 3249 et
256 3206 314 3248 sua
337 3191 450 3268 sponte
472 3186 565 3249 multi
586 3186 621 3248 in
643 3184 844 3270 disciplinam
862 3189 1010 3251 conveni·

109 3295 162 3352 unt
201 3294 233 3352 et
270 3309 289 3351 a
325 3287 510 3370 parentibus
547 3288 796 3372 propinquisque
834 3289 1010 3353 mittuntur.

108 3403 256 3474 magnum
279 3389 324 3454 ibi
346 3411 514 3454 numerum
529 3410 679 3454 versuum
696 3390 837 3455 ediscere
854 3390 1009 3455 dicuntur.
1031 3416 1043 3454 a
