2332 3892
106 191 110 210 ἱ
158 243 218 306 138
530 245 579 295 VI.
608 245 718 296 12-13.

121 390 359 473 stionibusque
382 387 609 473 perduxerant.
654 387 785 471 proeliis
814 405 892 450 vcro
924 383 1061 468 complu·

156 493 243 557 ribus
265 493 357 556 factis
373 491 520 556 secundis
535 498 630 576 atque
647 491 735 555 omni
750 490 918 554 nobilitate
934 487 1061 552 Aeduo-

122 617 227 662 irum
247 596 416 659 interfecta
437 601 562 660 tantum
583 595 728 680 potentia
751 600 1009 674 antecesserant,
1030 597 1061 655 ut

156 685 306 784 magnam
327 705 453 784 partem
475 700 639 764 chentium
661 699 701 763 ab
717 696 841 761 Aeduis
861 695 1061 762 traducerent

158 803 350 888 obsidesque
372 803 552 888 principum
573 803 656 868 filios
679 803 861 886 acciperent
884 806 917 865 et
937 799 1060 884 publice

155 909 261 972 iuuare
291 914 442 991 cogerent
470 908 550 971 nihil
580 913 691 972 contra
718 926 753 970 se
784 905 910 970 consilii
932 905 1080 971 inituros.

124 1033 137 1071 s
160 1017 191 1075 ct
212 1016 338 1095 partem
359 1010 487 1074 finitimi
509 1012 578 1096 agri
598 1032 657 1095 per
679 1011 744 1075 vim
760 1008 975 1094 possiderent.
1005 1027 1061 1091 qua

157 1115 349 1180 necessitate
372 1113 527 1178 adductus
550 1113 728 1178 Divitiacus
742 1113 882 1178 Romam
903 1112 1059 1196 profectus

124 1219 276 1283 sinfectu
296 1238 332 1282 rc
353 1217 501 1282 redierat.
540 1216 679 1280 adventu
703 1216 850 1281 Caesaris
872 1216 958 1280 facta
980 1234 1059 1278 com·

159 1321 335 1386 mutatione
349 1341 467 1402 rerum,
487 1320 651 1385 obsidibus
665 1318 790 1384 Aeduis
805 1318 952 1400 redditis,
969 1319 1059 1383 olien-

158 1426 231 1489 telis
251 1424 424 1506 restitutis,
453 1425 546 1489 noris
579 1425 769 1507 comparatis
796 1423 915 1509 (quod,
946 1422 1001 1508 qui
1028 1441 1057 1484 se

159 1527 200 1591 ad
230 1548 342 1592 eorum
369 1527 542 1591 amicitiam
569 1526 798 1612 adgregarant,
826 1528 962 1592 meliore
991 1547 1058 1591 con·

159 1630 286 1695 dicione
317 1636 412 1714 atquc
444 1630 594 1714 aequiore
626 1629 763 1714 imperio
800 1632 848 1695 uti
886 1627 1057 1710 ridebant),

158 1734 289 1816 reliquis
317 1733 413 1797 rebus
442 1734 560 1817 gratia,
592 1733 747 1818 dignitate
770 1735 978 1819 amplificata,
1009 1732 1058 1798 Se·

127 1839 255 1922 rquani
281 1837 494 1922 principatum
523 1837 719 1904 dimiserant.
762 1838 796 1903 in
825 1859 938 1903 eorum
959 1838 1059 1901 locum

160 1943 255 2008 Remi
284 1947 516 2023 successerant3
546 1962 643 2026 quare
672 1947 829 2027 quotquot
856 1946 991 2026 propter
1011 1958 1060 2004 ve·

160 2053 246 2110 teres
273 2046 455 2110 inimicitias
483 2045 570 2109 nullo
600 2044 697 2109 modo
730 2066 802 2109 cum
828 2041 956 2108 Aeduis
992 2061 1061 2106 con·

161 2150 251 2234 iungi
272 2154 436 2233 poterant,
467 2169 502 2212 sc
517 2147 628 2212 Remis
645 2147 679 2212 in
702 2147 884 2212 clientelam
907 2145 1064 2211 dicabant.

128 2274 141 2314 a
161 2254 221 2318 hos
244 2251 414 2337 diligenter
435 2252 621 2317 tuebantur:
643 2253 689 2316 ita
707 2259 739 2316 et
753 2272 871 2317 novam
886 2257 919 2314 et
933 2255 1065 2334 reponte

128 2378 140 2416 s
163 2357 329 2421 collectam
358 2356 579 2420 auctoritatem
607 2357 769 2421 tenebant.
814 2375 853 2419 eo
885 2360 955 2418 tum
983 2359 1071 2417 statu

160 2476 213 2521 res
242 2464 326 2539 crat,
355 2464 391 2521 ut
418 2458 514 2541 longe
536 2459 715 2544 principem
735 2456 861 2540 Aedui,
891 2456 1072 2522 secundum

161 2561 268 2625 locum
289 2559 385 2624 Remi
409 2560 600 2624 obtinerent.

128 2692 141 2732 1
225 2661 320 2726 XIII.
358 2661 398 2726 In
422 2663 507 2726 omni
530 2664 636 2728 Gallia
660 2685 770 2730 eorum
798 2664 983 2747 hominnm,
1013 2665 1074 2750 qui

163 2767 268 2851 aliquo
298 2771 370 2828 sunt
397 2786 530 2831 numero
560 2773 655 2851 atque
684 2768 823 2850 honore,
851 2787 973 2852 genera
996 2774 1080 2832 sunt:

164 2867 244 2932 duc:
272 2888 346 2930 nam
374 2868 486 2951 plebes
515 2889 617 2952 paene
640 2890 804 2936 servorum
826 2871 964 2935 habetur
985 2872 1073 2954 loco,

130 2991 244 3056 cquae
266 2970 346 3034 nihil
369 2969 475 3051 audet,
498 2971 576 3034 nulli
599 2971 768 3037 adhibetur
790 2973 934 3038 consilio.
973 2974 1090 3058 pleri-

164 3095 235 3159 que,
259 3094 330 3138 cum
352 3093 426 3136 aere
449 3074 553 3138 alieno
572 3081 627 3138 aut
642 3075 860 3159 magnitudine
875 3077 1090 3142 tributorum

164 3185 218 3242 aut
239 3177 354 3241 iniuria
375 3177 593 3260 potentiorum
607 3187 802 3263 premuntur,
825 3179 858 3242 in
874 3199 946 3243 sese
961 3179 1100 3244 dicant:

163 3280 323 3346 nobihbus
355 3277 469 3343 eadem
501 3281 607 3345 omnia
637 3282 723 3363 iura,
756 3302 836 3366 quae
869 3281 1008 3347 dominis
1036 3285 1097 3347 ίιι

128 3403 284 3450 acervos.
329 3383 369 3447 de
403 3384 453 3447 his
490 3383 613 3449 duobus
648 3385 818 3469 generibus
852 3385 989 3451 alterum
1021 3389 1104 3450 est
