2332 3892
157 228 197 289 55
525 228 561 276 11.
591 227 703 278 ιιι-ιιι.

139 402 327 490 gneoionem
357 406 453 486 gente
485 421 522 464 ao
552 400 681 464 nomine
711 398 904 463 Nerviorum
935 398 1067 463 redacto

157 507 294 570 maiores
318 513 411 587 natu,
442 525 522 589 quos
545 525 608 567 una
638 524 710 567 oum
733 504 841 587 pueris
863 504 1066 568 mulieribus·

157 630 219 692 que
242 609 275 672 in
298 609 457 672 aestuaria
480 629 516 671 ao
539 607 674 692 paludes
691 608 855 671 oonieotos
872 607 1067 690 dixeramus,

158 733 229 776 oum
244 713 419 776 victoribus
435 712 514 775 nihil
537 712 737 795 impeditum,
761 712 852 774 vietis
869 711 948 775 nihil
964 717 1068 776 tutum

123 843 135 882 2
157 818 394 897 arbitrarentur,
426 818 576 896 omnium,
605 816 659 899 qui
682 823 886 899 supererant,
910 836 1068 880 consensu
1111 810 1125 835 ⁹

132 973 135 978 ,
156 920 281 1003 legatos
312 921 353 983 ad
377 920 548 984 Caesarem
572 921 727 983 miserunt
753 941 852 1004 seque
876 921 906 984 ei
932 920 1066 986 dedide-

156 1031 231 1088 runt
254 1030 287 1089 et
309 1025 342 1086 in
363 1023 646 1088 commemoranda
669 1025 805 1087 civitatis
822 1025 1004 1107 calamitate
1027 1047 1068 1089 ex

158 1129 311 1192 sescentis
336 1128 376 1191 ad
400 1135 464 1194 tres
488 1135 663 1208 senatores
689 1150 730 1193 ex
752 1128 919 1191 hominum
940 1128 1067 1192 milibus

157 1257 197 1296 nx
219 1233 275 1295 vix
304 1233 346 1297 ad
375 1234 584 1318 quingentos,
617 1235 672 1317 qui
702 1253 789 1296 arma
817 1233 900 1296 ferre
924 1239 1065 1316 possent,

123 1357 228 1399 asese
251 1337 399 1400 redactos
423 1359 492 1401 esse
518 1337 678 1401 dixerunt.
721 1357 800 1421 quos
825 1336 953 1416 (laesa-r,
977 1338 1067 1411 utin

157 1439 291 1503 miseros
314 1460 350 1501 ao
373 1440 532 1523 supplices
556 1461 630 1502 usus
651 1438 871 1503 misericordia
891 1438 1065 1520 videretur,

159 1541 402 1625 diligentissime
433 1542 634 1605 conservavit
665 1542 792 1658 suisque
824 1542 1003 1605 finibust
971 1549 1066 1627 atque

159 1645 285 1789 oppidis
314 1647 360 1708 uti
389 1645 480 1708 iussit
510 1645 647 1709 e'tfinit
627 1646 711 1707 timis
741 1646 979 1730 imperauit,u
958 1647 1065 1709 utab

157 1724 328 1846 iniuriqse
352 1770 491 1833 suosque
514 1750 733 1833 prohiberent.

123 1883 134 1922 1
221 1852 348 1915 XXIX.
378 1852 539 1917 Aduatuci
532 1832 646 1951 ,laum
663 1854 809 1917 omnibus
826 1853 925 1938 copiis
945 1855 1064 1919 auxilio

156 1955 284 2020 Nerviis
306 1955 469 2037 venirent,
500 1955 559 2019 hae
582 1975 691 2039 pugna
712 1959 857 2020 nuntiata
885 1980 928 2022 ex
950 1959 1064 2024 itinere

122 2061 289 2131 adomum
312 2067 530 2124 reverterunt:
562 2061 683 2124 eunctis
708 2062 834 2145 oppidis
862 2063 1064 2147 castellisque

158 2163 292 2229 desertis
324 2184 381 2226 sua
413 2164 519 2226 omnia
550 2165 582 2226 in
613 2186 712 2227 unum
746 2164 899 2249 oppidum
933 2167 1064 2250 egregie

27 2272 40 2281 “
122 2308 134 2346 3
156 2274 269 2331 natura
284 2267 441 2329 munitum
459 2267 671 2330 contulerunt.
710 2267 885 2351 quodcum
904 2290 947 2332 ex
963 2270 1063 2332 omni-

155 2373 215 2436 bus
239 2373 272 2434 in
288 2371 422 2434 oirouitu
444 2369 587 2454 partibus
610 2371 779 2434 altissimas
795 2392 891 2455 rupes
909 2371 1063 2458 ‹1er-

156 2497 218 2559 que
242 2475 386 2555 haberet,
412 2495 476 2536 una
499 2495 540 2537 ex
561 2480 651 2558 parte
675 2475 790 2539 leniter
813 2475 944 2539 adclivis
960 2475 1064 2540 aditus
1108 2541 1113 2555 ,

155 2600 220 2643 non
237 2579 372 2662 amplius
389 2602 423 2642 cc
439 2577 560 2670 pedum
575 2579 825 2662 relinquebatur,
836 2541 1064 2663 quemdduplioi
1088 2578 1123 2637 ιι

156 2682 310 2746 altissimo
334 2701 424 2743 muro
449 2681 644 2745 munierant:
678 2689 747 2745 tum
774 2683 881 2766 magni
910 2682 1064 2766 ponderis

155 2807 232 2850 saxa
263 2790 295 2848 et
322 2789 509 2867 praeacutas
539 2786 645 2848 trabes
668 2785 701 2847 in
728 2805 817 2848 muro
844 2784 1064 2850 conlocabant.

121 2923 134 2960 4
154 2889 215 2973 ipsi
239 2895 329 2965 erant
353 2909 395 2951 ex
419 2887 555 2951 Cimbris
578 2889 796 2973 Teutonisque
818 2889 977 2973 prognati,
1010 2852 1104 2998 quil

154 2994 193 3056 iis
216 2991 464 3076 impedimentis,
488 3012 569 3075 quae
587 3013 694 3056 seeum
711 2982 888 3092 agerehron
901 2998 1062 3077 poterant,

155 3098 197 3160 oit
198 3117 234 3158 ra
184 3095 374 3158 tflumen
389 3094 542 3158 Rhenum
559 3094 712 3178 depositis
733 3095 909 3159 custodiam
933 3117 975 3160 ex
998 3079 1088 3190 suis!

122 3233 134 3270 ι
154 3224 183 3262 ιι
206 3175 521 3363 milialreliquerunt.
499 3184 733 3265 thilmultos
756 3219 858 3263 annos
881 3220 900 3262 a
916 3198 1062 3264 finitimis

155 3302 319 3384 exagitati,
286 3285 501 3396 tiloonsensu
523 3301 665 3364 omnium
687 3321 766 3386 paee
789 3302 873 3366 faeta
894 3300 979 3366 huno
1001 3302 1063 3367 sibi

158 3350 319 3469 domicilid
343 3405 450 3468 locum
475 3404 675 3488 delegerunt.
