2332 3892
411 277 474 328 VII.
503 278 614 328 69-71.
913 276 973 340 193

62 453 165 513 castra
190 448 378 534 opportunis
394 450 473 512 locis
491 455 581 514 erant
596 449 701 534 posita
717 449 823 533 ibique
841 450 973 513 castella
990 486 1001 524 ἵ

61 551 176 636 viginti
196 553 259 616 tria
280 552 381 616 facta:
411 553 549 617 interdiu
582 554 736 617 stationes
758 553 971 638 ponebantur,

60 677 168 741 nequa
191 655 296 720 subito
323 657 447 741 eruptio
471 657 579 739 fieret,
609 663 708 722 noctu
732 646 971 721 excubitoribus

62 780 97 823 ac
119 759 221 822 firmis
241 759 408 842 praesidiis
431 760 633 825 tenebantur.

124 861 231 926 LXX.
263 861 370 947 Opere
399 861 545 927 instituto
576 863 612 927 lit
641 870 788 947 equestre
812 865 998 949 proelium,

61 968 93 1030 in
116 987 156 1030 ea
178 964 331 1050 planicie,
360 987 456 1050 quam
478 967 691 1032 intermissam
719 969 853 1035 collibus
875 991 971 1055 supra

63 1068 362 1134 demonstravimus.
408 1091 532 1135 summa
553 1072 586 1135 vi
609 1071 649 1135 ab
672 1073 814 1158 utrisque
838 1079 970 1138 conten·
993 1075 994 1078 ’

62 1174 157 1238 ditur.
212 1173 430 1238 laborantibus
472 1176 590 1240 nostris
629 1175 749 1240 Caesar
791 1176 998 1255 Germanos,

61 1278 220 1344 submittit
237 1278 447 1363 legionesque
463 1301 522 1363 pro
540 1280 650 1345 castris
666 1281 840 1361 constituit.
878 1303 970 1364 prae·
987 1321 999 1358 3

62 1382 143 1446 sidio
175 1382 340 1466 legionum
374 1382 483 1447 addito
517 1383 633 1449 nostris
666 1385 790 1449 animus
818 1392 970 1469 augetur3

61 1487 172 1553 hostes
193 1487 226 1550 in
248 1487 357 1571 fugam
380 1487 517 1553 coniecti
539 1509 574 1553 se
598 1487 660 1573 ipsi
688 1488 892 1554 multitudine
922 1490 969 1552 in-

61 1591 196 1676 pediunt
227 1595 323 1675 atque
347 1590 585 1675 angustioribus
606 1591 707 1674 portis
731 1596 970 1655 coacervantur.

63 1695 217 1761 Germani
249 1695 352 1758 acrius
384 1700 569 1780 sequuntur.
614 1694 649 1757 fit
683 1715 801 1777 magna
834 1695 969 1776 caedes3
986 1735 1031 1773 Μ

62 1798 206 1864 nonnulli
221 1797 342 1862 relictis
359 1799 448 1882 equis
463 1800 583 1862 fossam
597 1798 732 1862 transire
749 1802 782 1862 et
798 1800 970 1865 maceriam

62 1900 291 1967 transceudere
315 1907 479 1966 conantur.
517 1902 647 1986 paulum
670 1902 816 1985 legiones
843 1901 969 1986 Caesar,

62 2028 139 2092 quas
153 2025 214 2092 pro
230 2003 315 2068 'vallo
333 2006 552 2088 constituerat,
567 2007 752 2090 promoveri
768 2007 867 2070 iubet.
904 2028 970 2071 nou
987 2047 998 2084 6

62 2111 176 2194 minus,
199 2110 254 2194 qui
276 2110 360 2172 intra
383 2109 578 2174 munitiones
602 2115 702 2190 erant,
725 2110 970 2194 perturbantur:

61 2215 164 2280 veniri
186 2212 228 2277 ad
251 2233 285 2279 se
309 2213 476 2278 confestim
494 2214 714 2278 existimantes
735 2212 776 2276 ad
792 2234 970 2298 armaleon-

61 2320 217 2400 clamant3
246 2318 393 2382 nonnulli
420 2318 585 2402 perterriti
614 2317 647 2381 in
671 2317 826 2402 oppidum
850 2317 970 2381 inrum·

59 2428 149 2508 punt.
173 2420 424 2506 Vercingetorix
438 2421 528 2485 iubet
542 2420 657 2503 claudi,
672 2439 714 2485 ue
730 2425 833 2485 castra
847 2421 970 2486 nuden-
988 2461 999 2499 Ἰ

60 2534 121 2592 tur.
167 2524 275 2589 multis
298 2524 491 2606 interfectis,
515 2523 731 2610 compluribus
755 2524 845 2608 equis
871 2526 971 2608 captis

61 2629 217 2695 Germani
239 2648 309 2692 sese
332 2627 500 2712 recipiunt.

124 2731 247 2798 LXXI.
288 2731 556 2816 Vercingetorix,
592 2730 778 2816 priusquam
822 2734 997 2812 munitio-1
1093 2781 1095 2784 ψ

59 2859 118 2903 nes
154 2835 195 2900 ab
231 2835 394 2899 Romanis·
423 2835 642 2919 perficiantur,
681 2835 850 2899 consilium
887 2838 971 2921 capit
999 2898 1004 2906 ,

61 2960 192 3005 omnem
215 2939 254 3004 ab
278 2960 313 3004 se
341 2939 517 3023 equitatum
541 2938 712 3003 dimittere.
758 2940 903 3022 mandat,
935 2947 999 3016 ut2

61 3065 152 3109 suam
180 3043 314 3128 quisque
338 3043 500 3106 civitatem
531 3040 644 3106 adeat:
678 3061 806 3125 omues,
836 3043 891 3127 qui
913 3065 971 3126 per

63 3152 202 3212 aetatem
229 3166 319 3211 arma
347 3146 430 3212 ferre
459 3145 600 3230 possint,
631 3143 672 3208 ad
701 3144 822 3209 bellum
844 3152 969 3228 cogant.

64 3251 174 3316 suain
196 3250 268 3314 illos
290 3250 404 3312 merita
426 3248 596 3333 proponit3
622 3248 810 3328 obtestatur,
833 3255 878 3328 ,ut
894 3269 999 3336 suae3

65 3355 173 3419 salutis
194 3352 353 3419 rationem
376 3352 517 3416 habeant
538 3372 602 3415 neu
625 3374 659 3416 se
677 3352 796 3434 optime
821 3352 970 3416 meritum
1083 3397 1088 3406 .

67 3458 97 3520 in
135 3457 309 3522 cruciatum
347 3455 475 3521 dedant.
530 3455 637 3540 quod.
654 3456 680 3518 si
716 3455 970 3538 indiligentiores
