<?xml version="1.0" encoding="UTF-8"?>
<!DOCTYPE html PUBLIC "-//W3C//DTD XHTML 1.0 Transitional//EN"
    "http://www.w3.org/TR/xhtml1/DTD/xhtml1-transitional.dtd">
<html xmlns="http://www.w3.org/1999/xhtml" xml:lang="en" lang="en">
 <head>
  <title>
</title>
<meta http-equiv="Content-Type" content="text/html;charset=utf-8" />
  <meta name='ocr-system' content='tesseract 3.04.00' />
  <meta name='ocr-capabilities' content='ocr_page ocr_carea ocr_par ocr_line ocrx_word'/>
</head>
<body>
  <div class='ocr_page' id='page_1' title='image "./ciuliicaesarisc00gitlgoog_0339.png"; bbox 0 0 2332 3892; ppageno 0'>
   <div class='ocr_carea' id='block_1_1' title="bbox 446 217 1006 280">
    <p class='ocr_par' dir='ltr' id='par_1_1' title="bbox 446 217 1006 280">
     <span class='ocr_line' id='line_1_1' title="bbox 446 217 1006 280; baseline 0.002 -12"><span class='ocrx_word' id='word_1_1' title='bbox 446 219 509 268; x_wconf 87' lang='lat' dir='ltr'><strong>VII.</strong></span> <span class='ocrx_word' id='word_1_2' title='bbox 538 220 649 269; x_wconf 87' lang='grc'>89-90.</span> <span class='ocrx_word' id='word_1_3' title='bbox 943 217 1006 280; x_wconf 80' lang='grc'><strong>205</strong></span> 
     </span>
    </p>
   </div>
   <div class='ocr_carea' id='block_1_2' title="bbox 94 390 1104 2351">
    <p class='ocr_par' dir='ltr' id='par_1_2' title="bbox 94 390 1005 580">
     <span class='ocr_line' id='line_1_2' title="bbox 94 390 1005 477; baseline -0.005 -20"><span class='ocrx_word' id='word_1_4' title='bbox 94 393 268 477; x_wconf 62' lang='grc' dir='ltr'><strong>’θοίρθῑαῐθ</strong></span> <span class='ocrx_word' id='word_1_5' title='bbox 292 398 416 475; x_wconf 88' lang='lat' dir='ltr'><strong>posset,</strong></span> <span class='ocrx_word' id='word_1_6' title='bbox 441 411 482 454; x_wconf 83' lang='lat' dir='ltr'><strong>ex</strong></span> <span class='ocrx_word' id='word_1_7' title='bbox 505 390 636 475; x_wconf 89' lang='lat' dir='ltr'><strong>reliquis</strong></span> <span class='ocrx_word' id='word_1_8' title='bbox 660 391 795 474; x_wconf 84' lang='lat' dir='ltr'><strong>captivis</strong></span> <span class='ocrx_word' id='word_1_9' title='bbox 819 396 887 455; x_wconf 87' lang='lat' dir='ltr'><strong>toto</strong></span> <span class='ocrx_word' id='word_1_10' title='bbox 912 411 1005 454; x_wconf 76' lang='lat' dir='ltr'><strong>ener-</strong></span> 
     </span>
     <span class='ocr_line' id='line_1_3' title="bbox 94 495 951 580; baseline 0 -21"><span class='ocrx_word' id='word_1_11' title='bbox 94 497 163 561; x_wconf 72' lang='lat' dir='ltr'><strong>ritui</strong></span> <span class='ocrx_word' id='word_1_12' title='bbox 187 497 294 580; x_wconf 88' lang='lat' dir='ltr'><strong>capita</strong></span> <span class='ocrx_word' id='word_1_13' title='bbox 316 496 442 580; x_wconf 88' lang='lat' dir='ltr'><strong>singula</strong></span> <span class='ocrx_word' id='word_1_14' title='bbox 464 495 603 580; x_wconf 84' lang='lat' dir='ltr'>praedae</span> <span class='ocrx_word' id='word_1_15' title='bbox 626 496 757 561; x_wconf 91' lang='lat' dir='ltr'><strong>nomine</strong></span> <span class='ocrx_word' id='word_1_16' title='bbox 781 495 951 559; x_wconf 78' lang='lat' dir='ltr'><strong>distribuit.</strong></span> 
     </span>
    </p>

    <p class='ocr_par' dir='ltr' id='par_1_3' title="bbox 94 597 1104 2351">
     <span class='ocr_line' id='line_1_4' title="bbox 149 597 1037 683; baseline -0.008 -19"><span class='ocrx_word' id='word_1_17' title='bbox 149 600 223 664; x_wconf 82' lang='lat' dir='ltr'><strong>Xe.</strong></span> <span class='ocrx_word' id='word_1_18' title='bbox 255 600 317 664; x_wconf 89' lang='lat' dir='ltr'><strong>His</strong></span> <span class='ocrx_word' id='word_1_19' title='bbox 347 601 443 665; x_wconf 90' lang='lat' dir='ltr'><strong>rebus</strong></span> <span class='ocrx_word' id='word_1_20' title='bbox 469 600 623 664; x_wconf 87' lang='lat' dir='ltr'><strong>confectis</strong></span> <span class='ocrx_word' id='word_1_21' title='bbox 645 601 679 664; x_wconf 95' lang='lat' dir='ltr'><strong>in</strong></span> <span class='ocrx_word' id='word_1_22' title='bbox 701 597 835 664; x_wconf 85' lang='lat' dir='ltr'><strong>Aeduos</strong></span> <span class='ocrx_word' id='word_1_23' title='bbox 858 600 1001 683; x_wconf 86' lang='lat' dir='ltr'><strong>proficis·</strong></span> <span class='ocrx_word' id='word_1_24' title='bbox 1025 618 1037 657; x_wconf 94' lang='lat'>1</span> 
     </span>
     <span class='ocr_line' id='line_1_5' title="bbox 94 701 1036 788; baseline -0.001 -19"><span class='ocrx_word' id='word_1_25' title='bbox 94 706 183 786; x_wconf 72' lang='lat' dir='ltr'><strong>zitur3</strong></span> <span class='ocrx_word' id='word_1_26' title='bbox 201 705 364 769; x_wconf 79' lang='lat' dir='ltr'><strong>civitatem</strong></span> <span class='ocrx_word' id='word_1_27' title='bbox 374 705 498 788; x_wconf 86' lang='lat' dir='ltr'><strong>recipit.</strong></span> <span class='ocrx_word' id='word_1_28' title='bbox 523 725 561 768; x_wconf 92' lang='lat' dir='ltr'><strong>eo</strong></span> <span class='ocrx_word' id='word_1_29' title='bbox 572 704 672 788; x_wconf 89' lang='lat' dir='ltr'><strong>legati</strong></span> <span class='ocrx_word' id='word_1_30' title='bbox 682 706 721 769; x_wconf 91' lang='lat' dir='ltr'><strong>ab</strong></span> <span class='ocrx_word' id='word_1_31' title='bbox 729 701 884 769; x_wconf 83' lang='lat' dir='ltr'><strong>Arvernis</strong></span> <span class='ocrx_word' id='word_1_32' title='bbox 894 703 1000 768; x_wconf 90' lang='lat' dir='ltr'><strong>missi:</strong></span> <span class='ocrx_word' id='word_1_33' title='bbox 1024 723 1036 760; x_wconf 83' lang='lat'><strong>2</strong></span> 
     </span>
     <span class='ocr_line' id='line_1_6' title="bbox 94 804 1000 895; baseline -0.003 -21"><span class='ocrx_word' id='word_1_34' title='bbox 94 830 176 895; x_wconf 88' lang='lat' dir='ltr'><strong>quae</strong></span> <span class='ocrx_word' id='word_1_35' title='bbox 193 809 377 893; x_wconf 77' lang='lat' dir='ltr'><strong>imperaret,</strong></span> <span class='ocrx_word' id='word_1_36' title='bbox 393 829 427 872; x_wconf 90' lang='lat' dir='ltr'><strong>se</strong></span> <span class='ocrx_word' id='word_1_37' title='bbox 444 804 604 874; x_wconf 89' lang='lat' dir='ltr'><strong>facturos‘.</strong></span> <span class='ocrx_word' id='word_1_38' title='bbox 624 809 761 894; x_wconf 90' lang='lat' dir='ltr'><strong>imperat</strong></span> <span class='ocrx_word' id='word_1_39' title='bbox 776 830 929 893; x_wconf 91' lang='lat' dir='ltr'><strong>magnum</strong></span> <span class='ocrx_word' id='word_1_40' title='bbox 942 829 1000 873; x_wconf 91' lang='lat' dir='ltr'><strong>nu-</strong></span> 
     </span>
     <span class='ocr_line' id='line_1_7' title="bbox 94 911 1036 995; baseline 0 -18"><span class='ocrx_word' id='word_1_41' title='bbox 94 933 211 977; x_wconf 88' lang='lat' dir='ltr'><strong>nerum</strong></span> <span class='ocrx_word' id='word_1_42' title='bbox 244 911 401 976; x_wconf 89' lang='lat' dir='ltr'><strong>obsidum.</strong></span> <span class='ocrx_word' id='word_1_43' title='bbox 454 911 653 995; x_wconf 87' lang='lat' dir='ltr'><strong>captivorum</strong></span> <span class='ocrx_word' id='word_1_44' title='bbox 686 912 811 976; x_wconf 78' lang='lat' dir='ltr'><strong>circiter</strong></span> <span class='ocrx_word' id='word_1_45' title='bbox 840 937 884 976; x_wconf 84' lang='lat' dir='ltr'><strong>xx</strong></span> <span class='ocrx_word' id='word_1_46' title='bbox 913 913 1036 977; x_wconf 73' lang='lat' dir='ltr'><strong>miliar</strong></span> 
     </span>
     <span class='ocr_line' id='line_1_8' title="bbox 94 1015 1000 1100; baseline 0 -20"><span class='ocrx_word' id='word_1_47' title='bbox 94 1016 210 1081; x_wconf 76' lang='lat' dir='ltr'><strong>leduis</strong></span> <span class='ocrx_word' id='word_1_48' title='bbox 233 1015 452 1099; x_wconf 85' lang='lat' dir='ltr'><strong>Arvernisque</strong></span> <span class='ocrx_word' id='word_1_49' title='bbox 481 1015 597 1079; x_wconf 88' lang='lat' dir='ltr'><strong>reddit.</strong></span> <span class='ocrx_word' id='word_1_50' title='bbox 641 1017 788 1100; x_wconf 82' lang='lat' dir='ltr'><strong>legiones</strong></span> <span class='ocrx_word' id='word_1_51' title='bbox 810 1017 844 1081; x_wconf 89' lang='lat' dir='ltr'><strong>in</strong></span> <span class='ocrx_word' id='word_1_52' title='bbox 866 1015 1000 1080; x_wconf 90' lang='lat' dir='ltr'><strong>hiberna</strong></span> 
     </span>
     <span class='ocr_line' id='line_1_9' title="bbox 94 1119 1034 1204; baseline 0 -20"><span class='ocrx_word' id='word_1_53' title='bbox 94 1120 193 1185; x_wconf 84' lang='lat' dir='ltr'><strong>nittit.</strong></span> <span class='ocrx_word' id='word_1_54' title='bbox 224 1119 261 1185; x_wconf 82' lang='grc' dir='ltr'><strong>Τ.</strong></span> <span class='ocrx_word' id='word_1_55' title='bbox 277 1119 457 1184; x_wconf 87' lang='lat' dir='ltr'><strong>Labienum</strong></span> <span class='ocrx_word' id='word_1_56' title='bbox 481 1141 552 1183; x_wconf 92' lang='lat' dir='ltr'><strong>cum</strong></span> <span class='ocrx_word' id='word_1_57' title='bbox 570 1142 593 1182; x_wconf 91' lang='lat'><strong>11</strong></span> <span class='ocrx_word' id='word_1_58' title='bbox 606 1119 790 1204; x_wconf 83' lang='lat' dir='ltr'><strong>legionibus</strong></span> <span class='ocrx_word' id='word_1_59' title='bbox 807 1126 839 1183; x_wconf 90' lang='lat' dir='ltr'><strong>et</strong></span> <span class='ocrx_word' id='word_1_60' title='bbox 856 1120 999 1204; x_wconf 89' lang='lat' dir='ltr'><strong>equitatu</strong></span> <span class='ocrx_word' id='word_1_61' title='bbox 1021 1139 1034 1183; x_wconf 69' lang='lat' dir='ltr'><strong>s</strong></span> 
     </span>
     <span class='ocr_line' id='line_1_10' title="bbox 94 1223 1000 1310; baseline 0.003 -24"><span class='ocrx_word' id='word_1_62' title='bbox 94 1244 116 1286; x_wconf 93' lang='lat' dir='ltr'><strong>n</strong></span> <span class='ocrx_word' id='word_1_63' title='bbox 132 1223 302 1306; x_wconf 83' lang='lat' dir='ltr'><strong>Sequanos</strong></span> <span class='ocrx_word' id='word_1_64' title='bbox 321 1224 479 1308; x_wconf 86' lang='lat' dir='ltr'><strong>proficisci</strong></span> <span class='ocrx_word' id='word_1_65' title='bbox 494 1225 599 1306; x_wconf 82' lang='lat' dir='ltr'><strong>iubet3</strong></span> <span class='ocrx_word' id='word_1_66' title='bbox 622 1225 697 1289; x_wconf 92' lang='lat' dir='ltr'><strong>huic</strong></span> <span class='ocrx_word' id='word_1_67' title='bbox 712 1225 756 1290; x_wconf 83' lang='lat' dir='ltr'><strong>M.</strong></span> <span class='ocrx_word' id='word_1_68' title='bbox 773 1225 1000 1310; x_wconf 81' lang='lat' dir='ltr'><strong>Sempronium</strong></span> 
     </span>
     <span class='ocr_line' id='line_1_11' title="bbox 94 1327 1034 1396; baseline 0 -4"><span class='ocrx_word' id='word_1_69' title='bbox 94 1327 231 1392; x_wconf 72' lang='lat' dir='ltr'><strong>dutilum</strong></span> <span class='ocrx_word' id='word_1_70' title='bbox 265 1328 418 1392; x_wconf 89' lang='lat' dir='ltr'><strong>attribuit.</strong></span> <span class='ocrx_word' id='word_1_71' title='bbox 472 1328 508 1392; x_wconf 81' lang='lat' dir='ltr'><strong>O.</strong></span> <span class='ocrx_word' id='word_1_72' title='bbox 530 1328 668 1394; x_wconf 80' lang='lat' dir='ltr'><strong>Fabium</strong></span> <span class='ocrx_word' id='word_1_73' title='bbox 702 1337 734 1394; x_wconf 91' lang='lat' dir='ltr'><strong>et</strong></span> <span class='ocrx_word' id='word_1_74' title='bbox 763 1331 800 1394; x_wconf 90' lang='lat' dir='ltr'><strong>L.</strong></span> <span class='ocrx_word' id='word_1_75' title='bbox 823 1331 1034 1396; x_wconf 79' lang='lat' dir='ltr'><strong>Minuciums</strong></span> 
     </span>
     <span class='ocr_line' id='line_1_12' title="bbox 94 1431 1001 1520; baseline 0.006 -26"><span class='ocrx_word' id='word_1_76' title='bbox 94 1452 157 1496; x_wconf 73' lang='lat' dir='ltr'><strong>rum</strong></span> <span class='ocrx_word' id='word_1_77' title='bbox 179 1431 362 1514; x_wconf 87' lang='lat' dir='ltr'><strong>legionibus</strong></span> <span class='ocrx_word' id='word_1_78' title='bbox 378 1431 501 1496; x_wconf 89' lang='lat' dir='ltr'><strong>duabus</strong></span> <span class='ocrx_word' id='word_1_79' title='bbox 517 1433 550 1496; x_wconf 95' lang='lat' dir='ltr'><strong>in</strong></span> <span class='ocrx_word' id='word_1_80' title='bbox 562 1433 674 1497; x_wconf 86' lang='lat' dir='ltr'><strong>Remis</strong></span> <span class='ocrx_word' id='word_1_81' title='bbox 691 1435 837 1518; x_wconf 83' lang='lat' dir='ltr'><strong>collocat,</strong></span> <span class='ocrx_word' id='word_1_82' title='bbox 861 1456 1001 1520; x_wconf 89' lang='lat' dir='ltr'><strong>nequam</strong></span> 
     </span>
     <span class='ocr_line' id='line_1_13' title="bbox 94 1534 1033 1624; baseline 0 -24"><span class='ocrx_word' id='word_1_83' title='bbox 94 1534 261 1600; x_wconf 76' lang='lat' dir='ltr'><strong>riinitimis</strong></span> <span class='ocrx_word' id='word_1_84' title='bbox 271 1536 454 1601; x_wconf 89' lang='lat' dir='ltr'><strong>Bellovacis</strong></span> <span class='ocrx_word' id='word_1_85' title='bbox 467 1536 683 1601; x_wconf 89' lang='lat' dir='ltr'><strong>calamitatem</strong></span> <span class='ocrx_word' id='word_1_86' title='bbox 692 1539 860 1624; x_wconf 89' lang='lat' dir='ltr'><strong>accipiant.</strong></span> <span class='ocrx_word' id='word_1_87' title='bbox 886 1538 921 1603; x_wconf 81' lang='grc' dir='ltr'><strong>Ο.</strong></span> <span class='ocrx_word' id='word_1_88' title='bbox 931 1535 999 1604; x_wconf 83' lang='lat' dir='ltr'><strong>An·</strong></span> <span class='ocrx_word' id='word_1_89' title='bbox 1021 1562 1033 1600; x_wconf 88' lang='lat' dir='ltr'><strong>c</strong></span> 
     </span>
     <span class='ocr_line' id='line_1_14' title="bbox 94 1639 999 1726; baseline 0.003 -22"><span class='ocrx_word' id='word_1_90' title='bbox 94 1640 207 1704; x_wconf 88' lang='lat' dir='ltr'><strong>istium</strong></span> <span class='ocrx_word' id='word_1_91' title='bbox 228 1641 392 1726; x_wconf 88' lang='lat' dir='ltr'><strong>Reginum</strong></span> <span class='ocrx_word' id='word_1_92' title='bbox 413 1641 448 1706; x_wconf 93' lang='lat' dir='ltr'><strong>in</strong></span> <span class='ocrx_word' id='word_1_93' title='bbox 469 1639 707 1726; x_wconf 81' lang='lat' dir='ltr'><strong>Ambiuaretos,</strong></span> <span class='ocrx_word' id='word_1_94' title='bbox 734 1642 770 1706; x_wconf 85' lang='grc' dir='ltr'><strong>Τ.</strong></span> <span class='ocrx_word' id='word_1_95' title='bbox 795 1642 943 1707; x_wconf 81' lang='lat' dir='ltr'><strong>Sextium</strong></span> <span class='ocrx_word' id='word_1_96' title='bbox 965 1643 999 1707; x_wconf 92' lang='lat' dir='ltr'><strong>in</strong></span> 
     </span>
     <span class='ocr_line' id='line_1_15' title="bbox 94 1745 1104 1831; baseline 0.001 -21"><span class='ocrx_word' id='word_1_97' title='bbox 94 1745 258 1831; x_wconf 75' lang='lat' dir='ltr'><strong>iituriges,</strong></span> <span class='ocrx_word' id='word_1_98' title='bbox 283 1746 318 1811; x_wconf 77' lang='lat' dir='ltr'><strong>C.</strong></span> <span class='ocrx_word' id='word_1_99' title='bbox 344 1746 513 1811; x_wconf 75' lang='lat' dir='ltr'><strong>Caninium</strong></span> <span class='ocrx_word' id='word_1_100' title='bbox 533 1746 687 1812; x_wconf 90' lang='lat' dir='ltr'><strong>Rebilum</strong></span> <span class='ocrx_word' id='word_1_101' title='bbox 708 1747 743 1811; x_wconf 92' lang='lat' dir='ltr'><strong>in</strong></span> <span class='ocrx_word' id='word_1_102' title='bbox 754 1746 902 1812; x_wconf 88' lang='lat' dir='ltr'><strong>Rutenos</strong></span> <span class='ocrx_word' id='word_1_103' title='bbox 926 1768 999 1811; x_wconf 91' lang='lat' dir='ltr'><strong>cum</strong></span> <span class='ocrx_word' id='word_1_104' title='bbox 1101 1745 1104 1752; x_wconf 78' lang='grc'><strong>’</strong></span> 
     </span>
     <span class='ocr_line' id='line_1_16' title="bbox 94 1849 1033 1935; baseline 0.004 -26"><span class='ocrx_word' id='word_1_105' title='bbox 94 1849 219 1934; x_wconf 59' lang='lat' dir='ltr'><strong>singulis</strong></span> <span class='ocrx_word' id='word_1_106' title='bbox 240 1851 422 1935; x_wconf 87' lang='lat' dir='ltr'><strong>legionibus</strong></span> <span class='ocrx_word' id='word_1_107' title='bbox 445 1851 553 1915; x_wconf 87' lang='lat' dir='ltr'><strong>mittit.</strong></span> <span class='ocrx_word' id='word_1_108' title='bbox 593 1851 630 1926; x_wconf 78' lang='lat' dir='ltr'><strong>Q.</strong></span> <span class='ocrx_word' id='word_1_109' title='bbox 650 1851 790 1916; x_wconf 83' lang='lat' dir='ltr'><strong>Tullium</strong></span> <span class='ocrx_word' id='word_1_110' title='bbox 808 1851 998 1917; x_wconf 78' lang='lat' dir='ltr'><strong>Ciceronem</strong></span> <span class='ocrx_word' id='word_1_111' title='bbox 1021 1876 1033 1913; x_wconf 79' lang='lat' dir='ltr'><strong>r</strong></span> 
     </span>
     <span class='ocr_line' id='line_1_17' title="bbox 94 1953 998 2038; baseline 0.003 -22"><span class='ocrx_word' id='word_1_112' title='bbox 94 1959 115 2017; x_wconf 79' lang='lat' dir='ltr'><strong>rt</strong></span> <span class='ocrx_word' id='word_1_113' title='bbox 137 1953 176 2018; x_wconf 91' lang='lat' dir='ltr'><strong>P.</strong></span> <span class='ocrx_word' id='word_1_114' title='bbox 199 1953 378 2038; x_wconf 80' lang='lat' dir='ltr'><strong>Sulpicium</strong></span> <span class='ocrx_word' id='word_1_115' title='bbox 395 1954 555 2019; x_wconf 76' lang='lat' dir='ltr'><strong>Cabilloni</strong></span> <span class='ocrx_word' id='word_1_116' title='bbox 579 1962 611 2019; x_wconf 90' lang='lat' dir='ltr'><strong>et</strong></span> <span class='ocrx_word' id='word_1_117' title='bbox 624 1955 803 2020; x_wconf 84' lang='lat' dir='ltr'><strong>Matiscone</strong></span> <span class='ocrx_word' id='word_1_118' title='bbox 826 1956 860 2019; x_wconf 93' lang='lat' dir='ltr'><strong>in</strong></span> <span class='ocrx_word' id='word_1_119' title='bbox 873 1953 998 2019; x_wconf 81' lang='lat' dir='ltr'><strong>Aeduis</strong></span> 
     </span>
     <span class='ocr_line' id='line_1_18' title="bbox 94 2056 997 2143; baseline 0.002 -22"><span class='ocrx_word' id='word_1_120' title='bbox 94 2057 124 2120; x_wconf 79' lang='lat' dir='ltr'><strong>rd</strong></span> <span class='ocrx_word' id='word_1_121' title='bbox 145 2056 277 2122; x_wconf 86' lang='lat' dir='ltr'><strong>Ararim</strong></span> <span class='ocrx_word' id='word_1_122' title='bbox 305 2058 353 2122; x_wconf 90' lang='lat' dir='ltr'><strong>rei</strong></span> <span class='ocrx_word' id='word_1_123' title='bbox 375 2059 602 2123; x_wconf 88' lang='lat' dir='ltr'><strong>frumentariae</strong></span> <span class='ocrx_word' id='word_1_124' title='bbox 626 2080 721 2124; x_wconf 86' lang='lat' dir='ltr'><strong>causa</strong></span> <span class='ocrx_word' id='word_1_125' title='bbox 745 2060 891 2124; x_wconf 86' lang='lat' dir='ltr'><strong>collocat.</strong></span> <span class='ocrx_word' id='word_1_126' title='bbox 927 2060 997 2143; x_wconf 88' lang='lat' dir='ltr'><strong>ipse</strong></span> 
     </span>
     <span class='ocr_line' id='line_1_19' title="bbox 94 2161 1033 2228; baseline 0 -2"><span class='ocrx_word' id='word_1_127' title='bbox 94 2161 234 2227; x_wconf 65' lang='lat' dir='ltr'><strong>bibracte</strong></span> <span class='ocrx_word' id='word_1_128' title='bbox 265 2164 409 2228; x_wconf 87' lang='lat' dir='ltr'><strong>hiemare</strong></span> <span class='ocrx_word' id='word_1_129' title='bbox 433 2164 607 2228; x_wconf 86' lang='lat' dir='ltr'><strong>constituit.</strong></span> <span class='ocrx_word' id='word_1_130' title='bbox 652 2162 778 2228; x_wconf 86' lang='lat' dir='ltr'><strong>Romae</strong></span> <span class='ocrx_word' id='word_1_131' title='bbox 803 2161 928 2226; x_wconf 87' lang='lat' dir='ltr'><strong>dierum</strong></span> <span class='ocrx_word' id='word_1_132' title='bbox 950 2163 1033 2226; x_wconf 73' lang='lat' dir='ltr'><strong>vis</strong></span> 
     </span>
     <span class='ocr_line' id='line_1_20' title="bbox 94 2266 559 2351; baseline -0.004 -20"><span class='ocrx_word' id='word_1_133' title='bbox 94 2266 163 2350; x_wconf 72' lang='lat' dir='ltr'><strong>ginti</strong></span> <span class='ocrx_word' id='word_1_134' title='bbox 187 2268 380 2351; x_wconf 86' lang='lat' dir='ltr'><strong>supplicatio</strong></span> <span class='ocrx_word' id='word_1_135' title='bbox 405 2267 559 2331; x_wconf 87' lang='lat' dir='ltr'><strong>redditur.</strong></span> 
     </span>
    </p>
   </div>
   <div class='ocr_carea' id='block_1_3' title="bbox 0 0 1170 3892">
    <p class='ocr_par' dir='ltr' id='par_1_4' title="bbox 0 0 1170 3892">
     <span class='ocr_line' id='line_1_21' title="bbox 0 0 1170 3892; baseline 0 1"><span class='ocrx_word' id='word_1_136' title='bbox 0 0 1170 3892; x_wconf 95' lang='lat' dir='ltr'><strong> </strong></span> 
     </span>
    </p>
   </div>
  </div>
 </body>
</html>
