2332 3892
206 249 226 308 4
595 243 616 293 1.
645 245 720 294 4-6.

173 439 184 476 r
206 416 409 497 magistratus
426 427 587 496 cogerent,
611 413 782 495 Orgetorix
802 420 945 477 mortuus
962 421 1026 493 est;
1051 436 1104 476 ne-

208 539 268 600 que
293 518 383 580 abest
405 517 552 600 suspicio,
576 522 612 578 ut
634 516 776 578 Helvetii
800 516 1005 598 arbitrantur,
1033 519 1105 600 quin

207 623 274 705 ipse
298 621 356 684 sibi
379 626 514 684 mortem
539 619 735 682 consciverit.

174 745 184 782 1
270 723 311 786 V.
343 724 421 786 Post
449 724 515 785 eius
544 727 680 785 mortem
709 722 806 784 nihilo
839 723 941 785 minus
965 723 1105 786 Helvetii

174 847 185 884 2
207 826 249 906 id,
274 825 358 909 quod
382 825 619 900 constituerant,
643 823 747 887 facere
771 832 932 886 conantur.
968 825 1021 886 ubi
1044 825 1106 886 iarn

208 934 392 1011 separatos
416 948 484 990 esse
508 927 650 988 arbitrati
674 933 755 1008 sunt,
780 927 897 1010 oppida
912 950 968 990 sua
992 930 1106 1008 omnia,

173 1050 340 1093 enumero
373 1029 412 1092 ad
446 1029 633 1110 duodecim,
666 1031 752 1093 vicos
781 1030 821 1092 ad
848 1031 1105 1114 quadringentae,

207 1135 329 1216 reliqua
359 1134 481 1216 privata
516 1133 659 1196 aedificia
693 1133 883 1216 incendunt,
915 1135 1105 1199 frumentum

209 1257 314 1318 omne,
336 1243 463 1320 practer
485 1235 570 1319 quod
594 1256 700 1298 secum
722 1239 875 1319 portaturi
899 1246 997 1321 erant,
1022 1261 1105 1302 com·

207 1340 342 1420 burunt‚
375 1344 409 1400 ut
435 1338 600 1401 reditionis
627 1360 682 1422 spe
713 1339 836 1402 sublata
863 1343 1038 1423 paratiores
1067 1343 1107 1405 ad

210 1443 316 1505 omnia
336 1442 479 1525 pericula
498 1441 663 1504 subeunda
691 1448 815 1524 essent,
845 1444 940 1506 trium
963 1467 1107 1508 mensum

209 1546 319 1608 molita
342 1545 458 1608 cibaria
481 1544 540 1606 sibi
562 1565 719 1628 quemque
737 1545 832 1608 domo
849 1546 964 1608 efferre
987 1547 1107 1609 iubent.

175 1679 187 1714 4
208 1633 401 1731 persuadent
423 1647 566 1710 Raurieis
590 1652 622 1710 et
644 1647 787 1730 Tulingis
811 1654 843 1711 et
857 1648 1017 1712 Latoviois
1038 1650 1106 1711 fini·

209 1751 302 1831 timis,
326 1751 371 1812 uti
395 1749 510 1812 eodem
533 1749 581 1811 usi
597 1749 729 1813 consilio
747 1750 872 1833 oppidis
888 1752 952 1813 suis
967 1753 1106 1835 vicisque

210 1855 329 1917 exustis
345 1874 408 1916 una
421 1851 668 1936 proficiscantur,
684 1851 856 1935 Boiosque,
879 1853 932 1936 qui
948 1855 982 1916 in
997 1876 1107 1937 agrum

208 1956 360 2019 Noricum
399 1957 589 2018 transierant
623 1955 838 2039 Noreiamque
877 1965 1106 2040 oppugnarent,

208 2064 354 2142 receptos
378 2057 418 2120 ad
441 2078 474 2120 se
498 2058 601 2121 socios
623 2058 681 2120 sibi
703 2057 891 2121 adsciscunt.

176 2183 185 2218 1
272 2160 330 2223 VI.
362 2160 461 2223 Erant
499 2161 626 2222 omnino
659 2161 773 2223 itinera
809 2160 888 2224 duo:
922 2183 1019 2224 unum
1051 2183 1108 2245 per

208 2263 387 2346 Sequanos,
418 2267 585 2342 angustum
616 2267 648 2324 et
675 2261 819 2343 difficile,
853 2263 936 2325 inter
966 2269 1107 2326 montem

207 2365 315 2429 Iuram
331 2377 364 2428 et
378 2365 496 2427 flumen
511 2363 713 2445 Rhodanum,
736 2365 791 2427 vix
813 2385 875 2448 qua
897 2365 1012 2447 singuli
1029 2368 1107 2428 carri

210 2469 414 2546 ducerentur3
446 2487 537 2528 mons
567 2472 674 2528 autem
709 2465 877 2527 altissimus
904 2467 1106 2549 inpendebat,

176 2578 243 2633 rut
280 2571 370 2633 facile
407 2569 557 2652 perpauci
584 2567 754 2650 prohibere
789 2574 935 2651 possent3
972 2570 1106 2631 alterum

208 2694 265 2756 per
287 2671 496 2756 provinciam,
527 2670 626 2730 multo
655 2669 776 2731 facilius
799 2677 893 2753 atque
917 2671 1106 2754 expeditius,

208 2781 379 2859 propterea
402 2771 487 2856 quod
509 2771 591 2833 inter
612 2771 691 2834 fines
713 2771 938 2834 Helvetiorum
961 2778 994 2836 et
1015 2773 1106 2836 Allo-

208 2878 353 2959 brogum,
377 2876 429 2959 qui
454 2895 555 2956 nuper
583 2874 686 2956 pacati
714 2878 812 2955 erant,
835 2873 1010 2936 Rhodanus
1039 2877 1108 2939 fluit

176 2981 297 3063 aisque
328 2978 487 3040 nonnullis
512 2977 590 3039 locis
618 2977 700 3039 vado
732 2978 890 3039 transitur.
927 2984 1106 3042 extremum

211 3081 366 3166 oppidum
392 3080 605 3162 Allobrogum
633 3086 681 3143 est
710 3082 954 3165 proximumque
984 3082 1105 3146 Helve-

209 3186 325 3247 tiorum
349 3183 462 3244 finibus
485 3183 624 3246 Genava.
670 3205 712 3246 ex
741 3206 779 3247 eo
812 3186 929 3268 oppido
959 3207 1039 3269 pons
1066 3187 1106 3249 ad

210 3287 379 3351 Helvetios
408 3287 554 3369 pertinet.
601 3286 838 3370 ,Allobrogibus
867 3308 936 3351 sese
960 3290 1011 3352 vel
1034 3311 1105 3372 per-

211 3411 368 3470 suasuros,
392 3388 478 3472 quod
501 3390 641 3452 nondum
664 3390 748 3452 bono
773 3391 876 3452 animo
900 3391 932 3452 in
953 3392 1105 3474 populum
