2332 3892
456 217 478 266 Ι.
506 217 618 267 33-34.
943 215 983 277 23

74 386 136 449 rit:
169 386 240 468 ,sibi
264 407 335 451 eam
366 409 435 451 rem
465 409 559 451 curae
588 388 744 451 futuram:
772 409 921 472 magnam
949 409 983 452 se

72 488 194 552 habere
228 509 336 573 spem,
375 496 407 554 et
437 491 592 554 beneficio
631 511 687 554 suo
728 496 761 555 et
794 491 982 555 auctoritate

74 591 249 655 adductum
283 592 481 657 Ariovistum
517 595 614 659 finem
649 595 771 658 iniuriis
804 591 983 658 facturum‘

72 695 134 759 hao
157 696 303 760 oratione
326 696 434 760 habita
465 699 636 762 concilium
663 698 783 761 dimisit
813 703 846 762 et
874 718 983 762 secum

73 799 109 862 id
129 799 292 864 volvebat.
337 801 456 866 multae
479 823 530 865 res
553 823 627 865 eum
642 801 861 882 hortabantur,
884 821 983 884 quare
1003 815 1016 852 2

75 903 133 968 sibi
159 925 232 968 eam
263 925 331 968 rem
362 905 564 987 cogitandam
595 912 628 970 et
658 904 890 988 suscipiendam
923 924 982 987 pu·

75 1013 177 1089 taret,
216 1008 379 1092 inprimis,
420 1008 507 1092 quod
548 1008 698 1089 Aeduos,
736 1008 848 1071 fratres
886 1027 981 1090 saepe

74 1128 209 1171 numero
240 1127 259 1170 a
288 1115 399 1170 senatu
428 1109 623 1193 appellatos,
653 1110 686 1172 in
710 1110 863 1174 servitute
887 1115 982 1193 atque

74 1211 108 1273 in
131 1210 258 1274 dicione
283 1210 412 1274 videbat
428 1212 663 1275 Germanorum
686 1212 789 1276 teneri
806 1232 981 1295 eorumque

75 1313 204 1377 obsides
221 1335 291 1379 esse
308 1314 393 1399 apud
409 1314 608 1378 Ariovistum
624 1335 660 1378 ao
676 1315 860 1398 Sequanos3
885 1314 983 1398 ,quod

73 1417 108 1478 in
129 1422 218 1479 tanto
242 1417 376 1501 imperio
400 1418 512 1502 populi
534 1417 672 1480 Romani
692 1417 909 1500 turpissimum
924 1417 983 1480 sibi

74 1526 107 1583 et
128 1520 176 1583 rei
202 1520 348 1603 publicae
373 1541 459 1602 esse,
489 1521 643 1604 paulatim
667 1527 773 1585 autem
804 1519 982 1585 Germanos
1003 1542 1015 1580 a

74 1642 285 1686 consuescere
295 1622 443 1687 Rhenum
452 1625 585 1688 transire
597 1630 630 1688 et
639 1625 671 1686 in
682 1623 820 1687 Galliam
834 1645 982 1708 magnam

74 1746 186 1788 eorum
202 1725 440 1790 multitudinem
458 1727 567 1790 venire
591 1726 710 1810 populo
725 1725 873 1789 Romano
896 1728 980 1810 peri-

74 1828 237 1909 culosum,
266 1850 371 1912 neque
401 1830 460 1893 sibi
487 1828 634 1892 homines
663 1828 749 1892 feros
772 1849 808 1891 ao
832 1829 981 1892 barbaros
1003 1850 1016 1886 ι

73 1938 325 2016 temperaturos,
356 1933 447 2017 quin,
477 1954 549 1996 cum
573 1953 701 1996 omnem
726 1931 863 1994 Galliam
888 1953 981 1995 oocu-

74 2036 253 2118 pavissent,
282 2041 318 2098 ut
350 2040 424 2098 ante
455 2035 575 2099 Cimbri
597 2035 799 2119 Teutonique
822 2035 981 2115 fecissent,

74 2139 106 2200 in
126 2137 324 2221 provinciam
348 2137 474 2200 exirent
496 2143 592 2221 atque
611 2136 685 2201 inde
708 2136 741 2199 in
756 2135 883 2200 Italiam
906 2156 981 2199 eon·

74 2240 254 2322 tenderent,
279 2241 468 2324 praesertim
491 2261 564 2304 cum
587 2240 752 2324 Sequanos
777 2260 796 2302 a
817 2239 982 2322 provincia

75 2342 251 2407 Rhodanus
275 2343 448 2425 divideret3
481 2344 595 2427 quibus
616 2343 712 2408 rebus
739 2363 834 2426 quam
861 2348 980 2405 matur·

75 2447 151 2511 rime
177 2445 430 2512 occurrendum‘
468 2449 535 2532 ipse
552 2454 659 2512 autem
679 2447 860 2510 Ariovistus
875 2452 981 2510 tantos
1003 2472 1016 2509 s

75 2550 132 2613 sibi
154 2551 302 2634 spiritus,
333 2556 455 2614 tantam
477 2550 700 2634 adrogantiam
722 2556 917 2635 sumpserat,
946 2557 982 2614 ut
1053 2555 1055 2559 ’

75 2652 224 2717 ferendus
246 2674 311 2717 non
333 2653 506 2718 videretur.

137 2755 296 2820 XXXIV.
330 2756 433 2830 Quam
466 2758 506 2821 ob
541 2778 610 2821 rem
649 2757 769 2842 placuit
798 2756 845 2838 ei,
873 2761 909 2819 ut
940 2755 1014 2819 ad1

77 2857 273 2921 Ariovistum
295 2858 421 2940 legatos
449 2860 609 2942 mitteret,
639 2861 686 2922 uti
714 2860 982 2944 aliquemlooum

75 2959 217 3024 medium
232 2961 396 3044 utriusque
413 2961 582 3045 conloquio
603 2962 777 3046 deligeret:
802 2964 894 3045 ,velle
910 2983 981 3027 sese

77 3064 114 3128 de
137 3085 173 3127 re
196 3064 324 3148 publica
346 3070 379 3128 et
401 3065 532 3127 summis
553 3065 718 3148 utriusque
734 3065 830 3130 rebus
846 3086 918 3128 cum
942 3085 980 3128 eo

76 3166 192 3250 agere‘
216 3168 247 3232 ei
268 3168 423 3250 legationi
438 3167 618 3231 Ariovistus
641 3168 822 3252 respondit:
846 3168 883 3249 ,si
906 3166 1015 3251 quida

76 3272 134 3353 ipsi
157 3293 177 3335 a
200 3271 337 3335 Caesare
361 3292 440 3355 opus
464 3276 557 3351 esset,
581 3291 650 3335 sese
667 3269 797 3334 adeum
811 3276 980 3334 venturum

78 3373 188 3457 luisse;
219 3374 246 3438 si
269 3373 346 3459 quid
368 3374 421 3438 ille
453 3395 486 3438 se
510 3374 604 3456 velit,
633 3373 723 3437 illum
747 3372 788 3436 ad
810 3394 843 3437 se
869 3373 979 3437 venire
