2332 3892
158 237 198 299 82
512 239 560 289 IV.
588 241 697 290 11-12.

157 415 238 491 sent,
261 408 414 494 petebant
444 411 500 492 ,uti
522 411 564 473 ad
588 412 726 495 equites,
758 412 811 495 qui
834 431 950 494 agmen
975 418 1063 479 ante·

157 513 335 595 cessissent,
359 515 580 598 praemitteret
604 534 723 598 eosque
743 535 852 598 pugna
867 515 1064 599 prohiberet,

157 615 279 699 sibique
309 623 344 678 ut
372 623 567 701 potestatem
595 615 716 680 faceret
746 617 778 680 in
806 617 909 680 Ubios
939 619 1065 701 legatos

122 719 320 800 amittendi,
360 718 494 803 quorum
526 721 552 783 si
584 720 745 804 principes
777 740 813 783 ac
845 725 974 783 senatus
1006 721 1065 784 sibi

156 823 226 886 iure
242 822 376 885 iurando
395 822 492 886 fidem
508 823 649 905 fecisset,
672 844 711 886 ea
727 822 926 906 condicione,
951 843 1066 908 quaes

159 924 295 989 Caesare
325 925 477 1007 ferretur,
508 947 542 990 se
573 947 704 1006 usur0s3
736 927 778 990 ad
806 928 863 990 has
885 947 937 990 res
967 928 1065 991 confi-

122 1029 286 1092 sciendas
316 1030 376 1093 sibi
404 1029 502 1093 tridui
531 1032 668 1115 spatium
699 1028 810 1095 daret‘.
855 1031 1067 1094 haecomnia

159 1133 276 1198 Caesar
300 1133 417 1198 ecdem
439 1134 495 1197 illo
520 1135 682 1218 pertinere
707 1134 927 1215 arbitrabatur,
951 1138 986 1196 ut
1009 1133 1064 1195 tri·

159 1235 213 1298 dui
228 1257 318 1299 mora
332 1237 522 1321 interposita
537 1238 661 1320 equites
677 1243 932 1316 reverterentur,
955 1242 1065 1301 tamen

158 1359 229 1403 sese
257 1360 323 1402 ncn
345 1341 472 1424 longius
495 1341 622 1404 milibus
645 1362 795 1424 passuum
818 1347 968 1437 quattuor
990 1362 1064 1424 pro-

123 1467 135 1504 s
158 1464 320 1508 cessurum
344 1443 441 1507 dixit:
472 1444 544 1525 ,huc
566 1450 696 1528 postero
722 1444 773 1508 die
798 1465 893 1528 quam
916 1443 1064 1528 frequen·

158 1547 271 1610 tissimi
294 1548 520 1629 convenirent,
552 1554 588 1610 ut
612 1549 651 1613 de
676 1569 789 1613 eorum
818 1549 988 1633 postulatis
1011 1571 1065 1613 cc·

122 1672 135 1709 9
157 1647 349 1735 gnosceret.‘
389 1651 517 1714 interim
541 1651 582 1713 ad
604 1652 795 1736 praefectos,
819 1653 872 1735 qui
889 1653 1065 1715 cumomni

159 1754 301 1838 equitatu
323 1758 579 1836 antecesserant,
602 1754 715 1836 mittit,
743 1775 784 1817 ne
807 1754 917 1817 hostes
939 1755 1064 1839 proelio

156 1859 352 1922 lacesserent
375 1863 423 1939 91,
447 1857 474 1920 si
496 1857 556 1940 ipsi
579 1857 829 1937 lacesserentur,
861 1857 1065 1941 sustinerent,

156 1963 263 2048 quoad
285 1963 353 2045 ipse
378 1981 450 2024 cum
474 1960 620 2024 exercitu
642 1961 775 2044 propius
799 1961 995 2025 accessisset.

120 2098 133 2140 1
219 2065 297 2130 XII.
324 2065 370 2127 At
385 2065 505 2146 hostes,
527 2064 582 2127 ubi
596 2063 734 2146 primum
749 2063 871 2147 equites
886 2083 1066 2148 conspexe-

155 2176 245 2253 runt,
274 2189 411 2254 quorum
433 2172 545 2233 eratv
567 2168 691 2230 milium
712 2188 880 2250 numerus,
911 2189 984 2231 cum
1006 2170 1067 2253 ipsi

155 2297 221 2339 nou
244 2274 379 2357 amplius
401 2295 476 2336 neec
499 2270 665 2351 haberent,
698 2271 777 2333 nihil
799 2271 985 2334 timentibus
1008 2293 1066 2335 no-

155 2379 238 2458 stris,
262 2375 350 2460 quod
373 2372 472 2456 legati
494 2372 590 2456 paulo
614 2379 687 2436 ante
712 2372 885 2437 aCaesare
910 2374 1066 2439 discesse-

155 2487 228 2544 rant
256 2487 351 2563 atque
379 2478 407 2540 is
431 2478 499 2540 dies
529 2476 660 2539 indutiis
685 2482 754 2540 erat
779 2477 915 2560 petitus,
944 2478 1067 2562 impetu

122 2586 240 2652 efecto
257 2583 406 2647 celeriter
428 2587 556 2644 nostros
578 2581 865 2664 perturbaverunt3
888 2601 1066 2646 1111911919-

156 2686 342 2753 sistentibus
385 2683 618 2749 consuetudine
665 2684 880 2766 desiluerunt,
924 2685 1067 2748 suffossis

157 2793 248 2877 equis
270 2793 315 2854 ita
337 2790 526 2875 perterritos
550 2794 702 2872 egerunt,
731 2794 766 2850 ut
788 2809 854 2851 non
875 2788 964 2871 prius
992 2789 1069 2873 iuga

158 2896 350 2960 desisterent
378 2914 473 2977 quam
501 2893 535 2956 in
565 2897 772 2975 conspectum
803 2891 937 2973 agminis
960 2895 1067 2957 uenis-

124 3003 238 3064 asent.
286 2996 319 3059 in
349 3016 387 3060 eo
418 2996 543 3080 proelio
575 3017 617 3060 ex
647 2994 806 3079 equitibus
835 2994 1068 3059 interficiuntur

155 3126 185 3164 rr
209 3105 241 3164 et
263 3123 332 3181 11111,
364 3099 398 3162 in
420 3099 468 3162 his
492 3099 540 3161 vir
562 3098 753 3162 fortissimus
776 3097 851 3160 Piso
875 3097 1067 3182 Aquitanus,

122 3203 353 3288 ramplissimo
388 3222 509 3285 genere
547 3208 658 3284 natus,
696 3203 784 3266 cuius
818 3221 895 3265 avus
930 3223 1067 3287 regnum

122 3337 135 3374 s
158 3307 349 3387 obtinuerat,
373 3305 493 3369 amicus
516 3305 555 3369 ab
572 3312 686 3370 senatu
701 3305 890 3391 appellatus.
925 3306 978 3370 hic
994 3327 1067 3370 cum

155 3411 246 3474 fratri
270 3409 448 3472 intercluso
480 3409 634 3472 auxilium
656 3409 772 3490 ferret,
802 3408 891 3470 illum
922 3409 1065 3492 periculo
