2332 3892
424 229 475 280 111.
504 231 616 280 22-23.
933 234 972 296 73

59 405 115 491 qui
148 424 306 467 summam
335 402 461 486 imperii
492 402 640 485 tenebat,
672 424 743 466 cum
766 429 805 469 nc
837 403 972 486 devotis,

59 531 141 595 quos
174 509 221 572 illi
252 506 413 572 soldurios
442 508 619 590 appellant,
650 528 786 589 quorum
814 508 894 572 haec
924 515 973 572 est

58 611 221 694 condicio,
244 611 292 674 uti
315 610 462 674 omnibus
483 610 517 673 in
540 611 605 674 vita
628 611 806 674 commodis
822 632 973 683 unacum
995 642 1008 680 s

58 716 98 779 iis
122 714 284 796 fruantur,
315 734 451 797 quorum
474 735 509 778 se
533 714 691 778 amicitiae
723 714 923 797 dediderint3
946 717 979 784 st

60 817 138 903 quid
168 816 218 880 bis
249 837 307 901 per
338 817 404 880 vim
434 817 577 900 accidat,
610 824 665 882 aut
695 819 833 884 eundem
864 842 973 885 casum

59 943 126 986 una
148 920 253 985 ferant
281 927 336 984 aut
364 920 424 984 sibi
453 926 592 985 mortem
622 924 835 1004 consciscant3
868 944 973 1007 neque
996 952 1008 989 s

61 1023 169 1088 adhuc
191 1023 355 1086 hominum
379 1024 536 1087 memoria
558 1029 705 1107 repertus
728 1032 777 1091 est
797 1027 973 1110 quisquam,

62 1128 119 1212 qui
141 1147 180 1190 eo
204 1126 390 1208 interfecto,
421 1126 509 1189 cuius
539 1145 574 1189 se
597 1127 756 1191 amicitiae
781 1129 974 1211 devovisset,

62 1237 244 1297 recusaret:
269 1252 341 1294 cum
363 1230 413 1294 his
428 1230 632 1294 Adiatunnus
650 1232 852 1316 eruptionem
868 1233 974 1298 facere
996 1260 1010 1297 ι

63 1340 216 1417 conatus,
249 1335 388 1399 clamore
418 1334 458 1398 ab
488 1355 527 1398 ea
548 1340 639 1418 parte
669 1335 809 1416 sublato,
839 1337 976 1400 cunrad

64 1459 154 1503 arma
193 1438 311 1502 milites
352 1439 587 1502 concurrissent
622 1439 895 1524 vehementerque
931 1441 977 1505 ibi

63 1546 242 1627 pugnatum
266 1546 365 1623 essct,
389 1542 534 1626 repulsus
556 1546 681 1623 tamen,
711 1543 757 1605 uti
781 1543 895 1607 cadem
919 1544 976 1608 de-

65 1643 198 1708 ditionis
229 1643 418 1707 condicione
452 1649 614 1726 uteretur,
650 1644 690 1707 ab
726 1644 841 1711 Crasso
874 1648 977 1732 impe·

64 1747 174 1811 travit.

130 1850 260 1913 XXIII.
293 1849 401 1915 Armis
426 1850 652 1935 obsidibusque
679 1854 819 1937 acceptis
844 1853 976 1918 Crassus
999 1877 1011 1914 1

64 1953 98 2017 in
130 1953 212 2016 fines
233 1952 406 2018 Vocatium
437 1959 469 2018 et
498 1955 701 2018 Tarusatium
730 1956 893 2039 profectus
917 1964 976 2022 est.

65 2063 136 2120 tum
169 2077 246 2121 vero
277 2056 404 2121 barbari
434 2058 608 2140 commoti,
640 2058 727 2142 quod
761 2059 915 2144 oppidum
945 2066 1012 2123 etr

67 2166 185 2224 natura
221 2160 284 2223 loci
320 2164 353 2222 et
390 2180 488 2222 manu
528 2161 685 2223 munitum
717 2162 826 2245 paucis
865 2161 977 2226 diebus

67 2269 290 2348 expugnatum
322 2269 561 2346 cognoverant,
593 2264 719 2347 legatos
748 2285 876 2349 quoque
905 2287 977 2330 ver-

67 2389 139 2433 sum
164 2367 342 2450 dimittere,
373 2366 704 2448 coniurare‚·obsides
727 2369 811 2431 inter
834 2387 869 2432 sc
892 2367 978 2451 dare,

68 2473 180 2556 copias
209 2492 332 2556 parare.
379 2471 549 2534 mittuntur
579 2471 675 2533 etiam
710 2468 751 2533 ad
780 2490 834 2534 eas
867 2470 1013 2540 civita-3

68 2583 136 2658 tes,
175 2596 257 2661 quae
294 2581 369 2638 sunt
412 2574 569 2638 citerioris
605 2572 781 2657 Hispaniae
825 2573 979 2637 finitimae

68 2679 282 2765 Aquitaniae:
326 2677 403 2742 indo
443 2678 578 2759 auxilia,
623 2676 721 2741 duces
766 2681 979 2740 arcessuntur.

70 2805 208 2869 quorum
254 2781 395 2846 adventu
434 2802 552 2865 magna
596 2801 670 2844 cum
713 2779 902 2843 auctoritate
948 2785 1014 2849 etr

70 2905 189 2968 magna
216 2904 289 2948 cum
317 2882 522 2946 multitudine
553 2881 675 2946 bellum
704 2902 828 2965 gerere.
882 2882 1014 2952 duces5

70 3008 149 3051 vero
180 2987 204 3050 ii
239 2985 441 3070 deliguntur,
471 2985 526 3069 qui
560 3006 625 3048 una
659 3005 732 3047 curn
767 2982 805 3057 Q.
837 2985 979 3049 Sertorio

73 3111 185 3155 omnes
228 3110 330 3154 annos
358 3089 504 3152 .fuerant
549 3108 770 3172 summamque
815 3089 981 3152 scientiam

73 3192 120 3257 rei
163 3191 310 3256 militaris
346 3191 466 3256 habere
503 3191 777 3255 existimabantur.
832 3191 867 3254 hi
905 3212 1015 3273 con-⁶

75 3294 244 3360 suetudine
277 3294 390 3379 populi
427 3293 567 3358 Romani
606 3295 679 3357 loca
713 3313 845 3377 capere,
881 3300 983 3357 castra

75 3399 208 3480 munire,
231 3397 464 3462 commeatibus
486 3403 614 3461 nostros
633 3397 857 3462 intercludere.
895 3397 982 3481 quod
1004 3429 1016 3468 s

125 3499 229 3538 caesaris
243 3497 333 3537 bellum
347 3497 467 3538 Gallicum
810 3502 825 3550 5
