<?xml version="1.0" encoding="UTF-8"?>
<!DOCTYPE html PUBLIC "-//W3C//DTD XHTML 1.0 Transitional//EN"
    "http://www.w3.org/TR/xhtml1/DTD/xhtml1-transitional.dtd">
<html xmlns="http://www.w3.org/1999/xhtml" xml:lang="en" lang="en">
 <head>
  <title>
</title>
<meta http-equiv="Content-Type" content="text/html;charset=utf-8" />
  <meta name='ocr-system' content='tesseract 3.04.00' />
  <meta name='ocr-capabilities' content='ocr_page ocr_carea ocr_par ocr_line ocrx_word'/>
</head>
<body>
  <div class='ocr_page' id='page_1' title='image "./ciuliicaesarisc00gitlgoog_0362.png"; bbox 0 0 2332 3892; ppageno 0'>
   <div class='ocr_carea' id='block_1_1' title="bbox 153 259 724 320">
    <p class='ocr_par' dir='ltr' id='par_1_1' title="bbox 153 259 724 320">
     <span class='ocr_line' id='line_1_1' title="bbox 153 259 724 320; baseline 0.004 -12"><span class='ocrx_word' id='word_1_1' title='bbox 153 259 225 320; x_wconf 81' lang='lat'>&#39;228</span> <span class='ocrx_word' id='word_1_2' title='bbox 507 260 583 309; x_wconf 90' lang='lat' dir='ltr'>VIII.</span> <span class='ocrx_word' id='word_1_3' title='bbox 612 261 724 310; x_wconf 74' lang='lat'>40-42.</span> 
     </span>
    </p>
   </div>
   <div class='ocr_carea' id='block_1_2' title="bbox 54 431 1069 3538">
    <p class='ocr_par' dir='ltr' id='par_1_2' title="bbox 126 431 1067 830">
     <span class='ocr_line' id='line_1_2' title="bbox 126 431 1067 516; baseline 0.007 -27"><span class='ocrx_word' id='word_1_4' title='bbox 126 451 137 488; x_wconf 93' lang='lat'>1</span> <span class='ocrx_word' id='word_1_5' title='bbox 226 431 296 495; x_wconf 86' lang='lat' dir='ltr'>XL.</span> <span class='ocrx_word' id='word_1_6' title='bbox 315 431 397 495; x_wconf 75' lang='lat' dir='ltr'>(lum</span> <span class='ocrx_word' id='word_1_7' title='bbox 410 439 521 496; x_wconf 89' lang='lat' dir='ltr'>contra</span> <span class='ocrx_word' id='word_1_8' title='bbox 530 433 809 516; x_wconf 87' lang='lat' dir='ltr'>exspectationem</span> <span class='ocrx_word' id='word_1_9' title='bbox 820 435 965 498; x_wconf 84' lang='lat' dir='ltr'>om&#39;nium</span> <span class='ocrx_word' id='word_1_10' title='bbox 973 434 1067 497; x_wconf 87' lang='lat' dir='ltr'>Uxel·</span> 
     </span>
     <span class='ocr_line' id='line_1_3' title="bbox 159 536 1067 621; baseline 0.001 -22"><span class='ocrx_word' id='word_1_11' title='bbox 159 536 316 599; x_wconf 85' lang='lat' dir='ltr'>ludunum</span> <span class='ocrx_word' id='word_1_12' title='bbox 345 537 486 600; x_wconf 83' lang='lat' dir='ltr'>venisset</span> <span class='ocrx_word' id='word_1_13' title='bbox 513 536 732 620; x_wconf 83' lang='lat' dir='ltr'>oppidumque</span> <span class='ocrx_word' id='word_1_14' title='bbox 756 537 909 621; x_wconf 85' lang='lat' dir='ltr'>operibus</span> <span class='ocrx_word' id='word_1_15' title='bbox 934 538 1067 602; x_wconf 91' lang='lat' dir='ltr'>clausum</span> 
     </span>
     <span class='ocr_line' id='line_1_4' title="bbox 158 639 1067 725; baseline 0.001 -22"><span class='ocrx_word' id='word_1_16' title='bbox 158 662 263 725; x_wconf 89' lang='lat' dir='ltr'>neque</span> <span class='ocrx_word' id='word_1_17' title='bbox 294 640 333 704; x_wconf 92' lang='lat' dir='ltr'>ab</span> <span class='ocrx_word' id='word_1_18' title='bbox 360 641 602 724; x_wconf 81' lang='lat' dir='ltr'>oppugnatione</span> <span class='ocrx_word' id='word_1_19' title='bbox 626 639 735 704; x_wconf 91' lang='lat' dir='ltr'>recedi</span> <span class='ocrx_word' id='word_1_20' title='bbox 757 640 886 705; x_wconf 90' lang='lat' dir='ltr'>videret</span> <span class='ocrx_word' id='word_1_21' title='bbox 909 641 978 704; x_wconf 88' lang='lat' dir='ltr'>ulla</span> <span class='ocrx_word' id='word_1_22' title='bbox 1000 661 1067 704; x_wconf 92' lang='lat' dir='ltr'>con·</span> 
     </span>
     <span class='ocr_line' id='line_1_5' title="bbox 161 743 1067 830; baseline 0 -22"><span class='ocrx_word' id='word_1_23' title='bbox 161 744 287 808; x_wconf 86' lang='lat' dir='ltr'>dicione</span> <span class='ocrx_word' id='word_1_24' title='bbox 308 767 415 830; x_wconf 92' lang='lat' dir='ltr'>posse,</span> <span class='ocrx_word' id='word_1_25' title='bbox 438 766 557 828; x_wconf 90' lang='lat' dir='ltr'>magna</span> <span class='ocrx_word' id='word_1_26' title='bbox 572 750 680 809; x_wconf 84' lang='lat' dir='ltr'>autem</span> <span class='ocrx_word' id='word_1_27' title='bbox 696 745 790 829; x_wconf 92' lang='lat' dir='ltr'>copia</span> <span class='ocrx_word' id='word_1_28' title='bbox 805 743 961 808; x_wconf 87' lang='lat' dir='ltr'>frumenti</span> <span class='ocrx_word' id='word_1_29' title='bbox 977 745 1067 808; x_wconf 87' lang='lat' dir='ltr'>abnn-</span> 
     </span>
    </p>

    <p class='ocr_par' dir='ltr' id='par_1_3' title="bbox 125 849 1067 934">
     <span class='ocr_line' id='line_1_6' title="bbox 125 849 1067 934; baseline 0 -21"><span class='ocrx_word' id='word_1_30' title='bbox 125 867 136 904; x_wconf 84' lang='lat'><strong>2</strong></span> <span class='ocrx_word' id='word_1_31' title='bbox 160 850 236 916; x_wconf 88' lang='lat' dir='ltr'>dare</span> <span class='ocrx_word' id='word_1_32' title='bbox 254 873 296 916; x_wconf 81' lang='lat' dir='ltr'>ex</span> <span class='ocrx_word' id='word_1_33' title='bbox 308 851 450 934; x_wconf 91' lang='lat' dir='ltr'>perfugis</span> <span class='ocrx_word' id='word_1_34' title='bbox 467 855 650 934; x_wconf 79' lang='lat' dir='ltr'>cognosset,</span> <span class='ocrx_word' id='word_1_35' title='bbox 665 870 748 933; x_wconf 91' lang='lat' dir='ltr'>aqua</span> <span class='ocrx_word' id='word_1_36' title='bbox 762 849 948 934; x_wconf 91' lang='lat' dir='ltr'>prohibere.</span> <span class='ocrx_word' id='word_1_37' title='bbox 972 856 1067 934; x_wconf 90' lang='lat' dir='ltr'>temp·</span> 
     </span>
    </p>

    <p class='ocr_par' dir='ltr' id='par_1_4' title="bbox 124 952 1068 1143">
     <span class='ocr_line' id='line_1_7' title="bbox 124 952 1067 1038; baseline -0.002 -20"><span class='ocrx_word' id='word_1_38' title='bbox 124 981 135 1018; x_wconf 86' lang='grc'>1</span> <span class='ocrx_word' id='word_1_39' title='bbox 159 963 227 1020; x_wconf 84' lang='grc'><strong>1110</strong></span> <span class='ocrx_word' id='word_1_40' title='bbox 250 959 368 1019; x_wconf 91' lang='lat' dir='ltr'>flumen</span> <span class='ocrx_word' id='word_1_41' title='bbox 392 956 455 1019; x_wconf 92' lang='grc'><strong>1001</strong></span> <span class='ocrx_word' id='word_1_42' title='bbox 484 960 598 1019; x_wconf 86' lang='lat' dir='ltr'>natura</span> <span class='ocrx_word' id='word_1_43' title='bbox 628 952 838 1038; x_wconf 91' lang='lat' dir='ltr'>prohibebat:</span> <span class='ocrx_word' id='word_1_44' title='bbox 872 952 906 1016; x_wconf 90' lang='lat' dir='ltr'>in</span> <span class='ocrx_word' id='word_1_45' title='bbox 930 953 1003 1016; x_wconf 93' lang='lat' dir='ltr'>imis</span> <span class='ocrx_word' id='word_1_46' title='bbox 1025 974 1067 1016; x_wconf 88' lang='grc'>11-</span> 
     </span>
     <span class='ocr_line' id='line_1_8' title="bbox 160 1058 1068 1143; baseline -0.004 -19"><span class='ocrx_word' id='word_1_47' title='bbox 160 1061 283 1124; x_wconf 90' lang='lat' dir='ltr'>dicibus</span> <span class='ocrx_word' id='word_1_48' title='bbox 312 1059 431 1123; x_wconf 91' lang='lat' dir='ltr'>montis</span> <span class='ocrx_word' id='word_1_49' title='bbox 462 1060 641 1141; x_wconf 85' lang='lat' dir='ltr'>ferebatur,</span> <span class='ocrx_word' id='word_1_50' title='bbox 671 1065 706 1121; x_wconf 90' lang='lat' dir='ltr'>ut</span> <span class='ocrx_word' id='word_1_51' title='bbox 736 1058 857 1120; x_wconf 89' lang='grc'><strong>1111111111</strong></span> <span class='ocrx_word' id='word_1_52' title='bbox 886 1058 921 1121; x_wconf 93' lang='lat' dir='ltr'>in</span> <span class='ocrx_word' id='word_1_53' title='bbox 951 1063 1068 1143; x_wconf 91' lang='lat' dir='ltr'>partem</span> 
     </span>
    </p>

    <p class='ocr_par' dir='ltr' id='par_1_5' title="bbox 123 1162 1068 1248">
     <span class='ocr_line' id='line_1_9' title="bbox 123 1162 1068 1248; baseline 0 -23"><span class='ocrx_word' id='word_1_54' title='bbox 123 1188 136 1225; x_wconf 82' lang='grc'>1</span> <span class='ocrx_word' id='word_1_55' title='bbox 160 1163 319 1248; x_wconf 83' lang='lat' dir='ltr'>depressis</span> <span class='ocrx_word' id='word_1_56' title='bbox 342 1164 436 1227; x_wconf 83' lang='lat' dir='ltr'>fossis</span> <span class='ocrx_word' id='word_1_57' title='bbox 461 1162 599 1227; x_wconf 86' lang='lat' dir='ltr'>derivari</span> <span class='ocrx_word' id='word_1_58' title='bbox 622 1166 743 1246; x_wconf 91' lang='lat' dir='ltr'>posset.</span> <span class='ocrx_word' id='word_1_59' title='bbox 790 1167 859 1225; x_wconf 90' lang='lat' dir='ltr'>erat</span> <span class='ocrx_word' id='word_1_60' title='bbox 880 1167 994 1227; x_wconf 89' lang='lat' dir='ltr'>autern</span> <span class='ocrx_word' id='word_1_61' title='bbox 1017 1162 1068 1226; x_wconf 90' lang='lat' dir='ltr'>dif-</span> 
     </span>
    </p>

    <p class='ocr_par' dir='ltr' id='par_1_6' title="bbox 54 1266 1068 1455">
     <span class='ocr_line' id='line_1_10' title="bbox 54 1266 1067 1351; baseline -0.001 -21"><span class='ocrx_word' id='word_1_62' title='bbox 54 1278 58 1285; x_wconf 87' lang='lat'>&#39;</span> <span class='ocrx_word' id='word_1_63' title='bbox 158 1267 248 1331; x_wconf 88' lang='lat' dir='ltr'>ficilis</span> <span class='ocrx_word' id='word_1_64' title='bbox 272 1288 311 1330; x_wconf 94' lang='lat' dir='ltr'>eo</span> <span class='ocrx_word' id='word_1_65' title='bbox 336 1266 519 1349; x_wconf 80' lang='lat' dir='ltr'>descensus,</span> <span class='ocrx_word' id='word_1_66' title='bbox 543 1276 578 1330; x_wconf 92' lang='lat' dir='ltr'>ut</span> <span class='ocrx_word' id='word_1_67' title='bbox 601 1266 848 1351; x_wconf 78' lang='lat' dir='ltr'>prohibentibus</span> <span class='ocrx_word' id='word_1_68' title='bbox 870 1268 991 1331; x_wconf 88' lang='lat' dir='ltr'>nostris</span> <span class='ocrx_word' id='word_1_69' title='bbox 1007 1268 1067 1330; x_wconf 88' lang='lat' dir='ltr'>sine</span> 
     </span>
     <span class='ocr_line' id='line_1_11' title="bbox 158 1369 1068 1455; baseline 0.001 -22"><span class='ocrx_word' id='word_1_70' title='bbox 158 1370 345 1434; x_wconf 81' lang='lat' dir='ltr'>vulneribus</span> <span class='ocrx_word' id='word_1_71' title='bbox 375 1392 412 1434; x_wconf 89' lang='lat' dir='ltr'>ac</span> <span class='ocrx_word' id='word_1_72' title='bbox 434 1371 577 1455; x_wconf 91' lang='lat' dir='ltr'>periculo</span> <span class='ocrx_word' id='word_1_73' title='bbox 601 1370 687 1434; x_wconf 82' lang='lat' dir='ltr'>vitae</span> <span class='ocrx_word' id='word_1_74' title='bbox 710 1391 816 1454; x_wconf 90' lang='lat' dir='ltr'>neque</span> <span class='ocrx_word' id='word_1_75' title='bbox 840 1369 933 1435; x_wconf 90' lang='lat' dir='ltr'>adire</span> <span class='ocrx_word' id='word_1_76' title='bbox 956 1373 1068 1436; x_wconf 90' lang='lat' dir='ltr'>flumen</span> 
     </span>
    </p>

    <p class='ocr_par' dir='ltr' id='par_1_7' title="bbox 124 1473 1069 1768">
     <span class='ocr_line' id='line_1_12' title="bbox 124 1473 1069 1560; baseline 0.001 -23"><span class='ocrx_word' id='word_1_77' title='bbox 124 1500 135 1537; x_wconf 82' lang='grc'>1</span> <span class='ocrx_word' id='word_1_78' title='bbox 158 1495 264 1559; x_wconf 89' lang='lat' dir='ltr'>neque</span> <span class='ocrx_word' id='word_1_79' title='bbox 287 1475 442 1539; x_wconf 88' lang='lat' dir='ltr'>recedere</span> <span class='ocrx_word' id='word_1_80' title='bbox 464 1482 606 1559; x_wconf 84' lang='lat' dir='ltr'>possent.</span> <span class='ocrx_word' id='word_1_81' title='bbox 645 1496 709 1559; x_wconf 91' lang='lat' dir='ltr'>qua</span> <span class='ocrx_word' id='word_1_82' title='bbox 733 1473 923 1540; x_wconf 86' lang='lat' dir='ltr'>difficultate</span> <span class='ocrx_word' id='word_1_83' title='bbox 947 1478 1069 1560; x_wconf 88' lang='lat' dir='ltr'>cognita</span> 
     </span>
     <span class='ocr_line' id='line_1_13' title="bbox 160 1576 1067 1664; baseline 0.001 -23"><span class='ocrx_word' id='word_1_84' title='bbox 160 1576 347 1662; x_wconf 86' lang='lat' dir='ltr'>(sagittariis</span> <span class='ocrx_word' id='word_1_85' title='bbox 378 1579 657 1664; x_wconf 84' lang='lat' dir='ltr'>funditoribusque</span> <span class='ocrx_word' id='word_1_86' title='bbox 692 1579 872 1664; x_wconf 80' lang='lat' dir='ltr'>dispositis,</span> <span class='ocrx_word' id='word_1_87' title='bbox 905 1581 1067 1646; x_wconf 88' lang='lat' dir='ltr'>tormentis</span> 
     </span>
     <span class='ocr_line' id='line_1_14' title="bbox 159 1684 789 1768; baseline 0.002 -22"><span class='ocrx_word' id='word_1_88' title='bbox 159 1684 257 1746; x_wconf 90' lang='lat' dir='ltr'>etiam</span> <span class='ocrx_word' id='word_1_89' title='bbox 281 1685 471 1768; x_wconf 86' lang='lat' dir='ltr'>quibusdam</span> <span class='ocrx_word' id='word_1_90' title='bbox 493 1685 573 1747; x_wconf 94' lang='lat' dir='ltr'>locis</span> <span class='ocrx_word' id='word_1_91' title='bbox 597 1685 789 1765; x_wconf 85' lang='lat' dir='ltr'>conlocatis)¹</span> 
     </span>
    </p>

    <p class='ocr_par' dir='ltr' id='par_1_8' title="bbox 124 1786 1065 2167">
     <span class='ocr_line' id='line_1_15' title="bbox 124 1786 1065 1873; baseline -0.002 -21"><span class='ocrx_word' id='word_1_92' title='bbox 124 1815 135 1852; x_wconf 96' lang='lat'>1</span> <span class='ocrx_word' id='word_1_93' title='bbox 223 1786 312 1850; x_wconf 86' lang='lat' dir='ltr'>XLI.</span> <span class='ocrx_word' id='word_1_94' title='bbox 346 1788 448 1851; x_wconf 89' lang='lat' dir='ltr'>omnis</span> <span class='ocrx_word' id='word_1_95' title='bbox 478 1793 593 1873; x_wconf 90' lang='lat' dir='ltr'>postea</span> <span class='ocrx_word' id='word_1_96' title='bbox 621 1787 793 1851; x_wconf 91' lang='lat' dir='ltr'>multitudo</span> <span class='ocrx_word' id='word_1_97' title='bbox 819 1794 975 1871; x_wconf 91' lang='lat' dir='ltr'>aquatum</span> <span class='ocrx_word' id='word_1_98' title='bbox 999 1809 1065 1852; x_wconf 92' lang='lat' dir='ltr'>con·</span> 
     </span>
     <span class='ocr_line' id='line_1_16' title="bbox 158 1891 1064 1977; baseline 0 -22"><span class='ocrx_word' id='word_1_99' title='bbox 158 1893 309 1956; x_wconf 80' lang='lat' dir='ltr'>veniebat</span> <span class='ocrx_word' id='word_1_100' title='bbox 342 1892 401 1955; x_wconf 93' lang='lat' dir='ltr'>sub</span> <span class='ocrx_word' id='word_1_101' title='bbox 433 1913 578 1972; x_wconf 92' lang='lat' dir='ltr'>murum,</span> <span class='ocrx_word' id='word_1_102' title='bbox 613 1892 668 1955; x_wconf 92' lang='lat' dir='ltr'>ubi</span> <span class='ocrx_word' id='word_1_103' title='bbox 699 1912 835 1974; x_wconf 90' lang='lat' dir='ltr'>magnus</span> <span class='ocrx_word' id='word_1_104' title='bbox 867 1891 940 1956; x_wconf 84' lang='lat' dir='ltr'>fons</span> <span class='ocrx_word' id='word_1_105' title='bbox 974 1911 1064 1977; x_wconf 72' lang='grc'><strong>1111111</strong></span> 
     </span>
     <span class='ocr_line' id='line_1_17' title="bbox 157 1995 1064 2081; baseline 0.001 -22"><span class='ocrx_word' id='word_1_106' title='bbox 157 1998 389 2081; x_wconf 85' lang='lat' dir='ltr'>prorumpebat</span> <span class='ocrx_word' id='word_1_107' title='bbox 412 1997 452 2060; x_wconf 86' lang='lat' dir='ltr'>ab</span> <span class='ocrx_word' id='word_1_108' title='bbox 475 2017 514 2060; x_wconf 93' lang='lat' dir='ltr'>ea</span> <span class='ocrx_word' id='word_1_109' title='bbox 535 2002 643 2081; x_wconf 86' lang='lat' dir='ltr'>parto,</span> <span class='ocrx_word' id='word_1_110' title='bbox 668 2017 749 2081; x_wconf 92' lang='lat' dir='ltr'>quae</span> <span class='ocrx_word' id='word_1_111' title='bbox 771 1995 839 2060; x_wconf 87' lang='lat' dir='ltr'>fere</span> <span class='ocrx_word' id='word_1_112' title='bbox 862 1996 987 2081; x_wconf 91' lang='lat' dir='ltr'>pedum</span> <span class='ocrx_word' id='word_1_113' title='bbox 1009 2005 1064 2061; x_wconf 92' lang='lat' dir='ltr'>tre-</span> 
     </span>
     <span class='ocr_line' id='line_1_18' title="bbox 158 2102 1063 2167; baseline -0.002 -3"><span class='ocrx_word' id='word_1_114' title='bbox 158 2108 326 2166; x_wconf 88' lang='lat' dir='ltr'>centorum</span> <span class='ocrx_word' id='word_1_115' title='bbox 366 2102 535 2165; x_wconf 81' lang='lat' dir='ltr'>intervallo</span> <span class='ocrx_word' id='word_1_116' title='bbox 576 2103 713 2166; x_wconf 91' lang='lat' dir='ltr'>fluminis</span> <span class='ocrx_word' id='word_1_117' title='bbox 752 2102 888 2165; x_wconf 92' lang='lat' dir='ltr'>circuitu</span> <span class='ocrx_word' id='word_1_118' title='bbox 928 2103 1063 2167; x_wconf 85' lang='lat' dir='ltr'>vacabat.</span> 
     </span>
    </p>

    <p class='ocr_par' dir='ltr' id='par_1_9' title="bbox 123 2204 1063 2290">
     <span class='ocr_line' id='line_1_19' title="bbox 123 2204 1063 2290; baseline 0 -23"><span class='ocrx_word' id='word_1_119' title='bbox 123 2230 134 2267; x_wconf 85' lang='lat'><strong>2</strong></span> <span class='ocrx_word' id='word_1_120' title='bbox 159 2204 279 2268; x_wconf 78' lang='lat' dir='ltr'>Caesar</span> <span class='ocrx_word' id='word_1_121' title='bbox 302 2226 320 2269; x_wconf 93' lang='lat' dir='ltr'>e</span> <span class='ocrx_word' id='word_1_122' title='bbox 343 2206 477 2287; x_wconf 84' lang='lat' dir='ltr'>regione</span> <span class='ocrx_word' id='word_1_123' title='bbox 500 2206 612 2269; x_wconf 87' lang='lat' dir='ltr'>vineas</span> <span class='ocrx_word' id='word_1_124' title='bbox 635 2226 731 2290; x_wconf 85' lang='lat' dir='ltr'>agere</span> <span class='ocrx_word' id='word_1_125' title='bbox 756 2227 827 2269; x_wconf 92' lang='lat' dir='ltr'>cum</span> <span class='ocrx_word' id='word_1_126' title='bbox 852 2208 1006 2270; x_wconf 89' lang='lat' dir='ltr'>continua</span> <span class='ocrx_word' id='word_1_127' title='bbox 1026 2204 1063 2268; x_wconf 94' lang='lat' dir='ltr'>di·</span> 
     </span>
    </p>

    <p class='ocr_par' dir='ltr' id='par_1_10' title="bbox 122 2307 1064 2498">
     <span class='ocr_line' id='line_1_20' title="bbox 122 2307 1064 2394; baseline -0.003 -23"><span class='ocrx_word' id='word_1_128' title='bbox 122 2333 134 2370; x_wconf 83' lang='grc'>1</span> <span class='ocrx_word' id='word_1_129' title='bbox 157 2310 330 2373; x_wconf 89' lang='lat' dir='ltr'>micatione</span> <span class='ocrx_word' id='word_1_130' title='bbox 349 2307 517 2393; x_wconf 88' lang='lat' dir='ltr'>(oppidani</span> <span class='ocrx_word' id='word_1_131' title='bbox 533 2309 620 2372; x_wconf 91' lang='lat' dir='ltr'>enim</span> <span class='ocrx_word' id='word_1_132' title='bbox 635 2309 844 2394; x_wconf 78' lang='lat' dir='ltr'>pertinaciter</span> <span class='ocrx_word' id='word_1_133' title='bbox 859 2310 1064 2374; x_wconf 88' lang='lat' dir='ltr'>succedentes</span> 
     </span>
     <span class='ocr_line' id='line_1_21' title="bbox 156 2413 1062 2498; baseline 0 -24"><span class='ocrx_word' id='word_1_134' title='bbox 156 2413 356 2494; x_wconf 84' lang='lat' dir='ltr'>vulnerant):</span> <span class='ocrx_word' id='word_1_135' title='bbox 390 2419 498 2477; x_wconf 91' lang='lat' dir='ltr'>tamen</span> <span class='ocrx_word' id='word_1_136' title='bbox 528 2413 647 2477; x_wconf 90' lang='lat' dir='ltr'>milites</span> <span class='ocrx_word' id='word_1_137' title='bbox 671 2415 780 2477; x_wconf 84' lang='lat' dir='ltr'>vineas</span> <span class='ocrx_word' id='word_1_138' title='bbox 803 2414 951 2497; x_wconf 90' lang='lat' dir='ltr'>proferre</span> <span class='ocrx_word' id='word_1_139' title='bbox 977 2421 1062 2498; x_wconf 85' lang='lat' dir='ltr'>atque</span> 
     </span>
    </p>

    <p class='ocr_par' dir='ltr' id='par_1_11' title="bbox 122 2516 1062 2602">
     <span class='ocr_line' id='line_1_22' title="bbox 122 2516 1062 2602; baseline -0.001 -23"><span class='ocrx_word' id='word_1_140' title='bbox 122 2516 274 2580; x_wconf 66' lang='lat' dir='ltr'>leodem</span> <span class='ocrx_word' id='word_1_141' title='bbox 306 2524 453 2600; x_wconf 89' lang='lat' dir='ltr'>tempore</span> <span class='ocrx_word' id='word_1_142' title='bbox 483 2517 648 2581; x_wconf 88' lang='lat' dir='ltr'>cuniculos</span> <span class='ocrx_word' id='word_1_143' title='bbox 677 2518 718 2581; x_wconf 90' lang='lat' dir='ltr'>ad</span> <span class='ocrx_word' id='word_1_144' title='bbox 748 2523 844 2602; x_wconf 90' lang='lat' dir='ltr'>caput</span> <span class='ocrx_word' id='word_1_145' title='bbox 874 2517 975 2582; x_wconf 87' lang='lat' dir='ltr'>fontis</span> <span class='ocrx_word' id='word_1_146' title='bbox 1004 2519 1062 2582; x_wconf 91' lang='lat' dir='ltr'>sine</span> 
     </span>
    </p>

    <p class='ocr_par' dir='ltr' id='par_1_12' title="bbox 123 2620 1063 3019">
     <span class='ocr_line' id='line_1_23' title="bbox 123 2620 1063 2707; baseline 0 -25"><span class='ocrx_word' id='word_1_147' title='bbox 123 2621 339 2704; x_wconf 77' lang='lat' dir='ltr'>rsuspicione</span> <span class='ocrx_word' id='word_1_148' title='bbox 369 2621 508 2684; x_wconf 91' lang='lat' dir='ltr'>hostium</span> <span class='ocrx_word' id='word_1_149' title='bbox 539 2622 656 2684; x_wconf 83' lang='lat' dir='ltr'>facere.</span> <span class='ocrx_word' id='word_1_150' title='bbox 702 2623 879 2685; x_wconf 85' lang='lat' dir='ltr'>exstruitur</span> <span class='ocrx_word' id='word_1_151' title='bbox 909 2643 1013 2707; x_wconf 90' lang='lat' dir='ltr'>agger</span> <span class='ocrx_word' id='word_1_152' title='bbox 1037 2620 1063 2682; x_wconf 91' lang='lat' dir='ltr'>in</span> 
     </span>
     <span class='ocr_line' id='line_1_24' title="bbox 157 2723 1062 2807; baseline 0 -21"><span class='ocrx_word' id='word_1_153' title='bbox 157 2723 361 2787; x_wconf 90' lang='lat' dir='ltr'>altitudinem</span> <span class='ocrx_word' id='word_1_154' title='bbox 390 2723 510 2807; x_wconf 90' lang='lat' dir='ltr'>pedum</span> <span class='ocrx_word' id='word_1_155' title='bbox 541 2725 724 2807; x_wconf 87' lang='lat' dir='ltr'>sexaginta,</span> <span class='ocrx_word' id='word_1_156' title='bbox 754 2725 944 2790; x_wconf 87' lang='lat' dir='ltr'>conlocatur</span> <span class='ocrx_word' id='word_1_157' title='bbox 973 2728 1007 2789; x_wconf 94' lang='lat' dir='ltr'>in</span> <span class='ocrx_word' id='word_1_158' title='bbox 1032 2742 1062 2788; x_wconf 93' lang='grc'>00</span> 
     </span>
     <span class='ocr_line' id='line_1_25' title="bbox 156 2826 1062 2913; baseline -0.002 -22"><span class='ocrx_word' id='word_1_159' title='bbox 156 2827 251 2892; x_wconf 90' lang='lat' dir='ltr'>turris</span> <span class='ocrx_word' id='word_1_160' title='bbox 282 2826 395 2890; x_wconf 91' lang='lat' dir='ltr'>decem</span> <span class='ocrx_word' id='word_1_161' title='bbox 427 2828 661 2911; x_wconf 87' lang='lat' dir='ltr'>tabulatorum,</span> <span class='ocrx_word' id='word_1_162' title='bbox 694 2849 759 2891; x_wconf 89' lang='grc'><strong>1101</strong></span> <span class='ocrx_word' id='word_1_163' title='bbox 789 2849 871 2913; x_wconf 84' lang='lat' dir='ltr'>quae</span> <span class='ocrx_word' id='word_1_164' title='bbox 902 2830 1062 2894; x_wconf 91' lang='lat' dir='ltr'>moenibus</span> 
     </span>
     <span class='ocr_line' id='line_1_26' title="bbox 156 2930 1062 3019; baseline -0.002 -23"><span class='ocrx_word' id='word_1_165' title='bbox 156 2938 309 3018; x_wconf 89' lang='lat' dir='ltr'>aequaret</span> <span class='ocrx_word' id='word_1_166' title='bbox 338 2930 385 3012; x_wconf 88' lang='lat' dir='ltr'>(id</span> <span class='ocrx_word' id='word_1_167' title='bbox 408 2933 493 2996; x_wconf 90' lang='lat' dir='ltr'>enim</span> <span class='ocrx_word' id='word_1_168' title='bbox 516 2933 611 2996; x_wconf 91' lang='lat' dir='ltr'>nullis</span> <span class='ocrx_word' id='word_1_169' title='bbox 636 2933 786 3018; x_wconf 87' lang='lat' dir='ltr'>operibus</span> <span class='ocrx_word' id='word_1_170' title='bbox 811 2932 895 2997; x_wconf 88' lang='lat' dir='ltr'>effici</span> <span class='ocrx_word' id='word_1_171' title='bbox 918 2932 1062 3019; x_wconf 83' lang='lat' dir='ltr'>poterat),</span> 
     </span>
    </p>

    <p class='ocr_par' dir='ltr' id='par_1_13' title="bbox 121 3036 1062 3311">
     <span class='ocr_line' id='line_1_27' title="bbox 121 3036 1062 3122; baseline 0.004 -27"><span class='ocrx_word' id='word_1_172' title='bbox 121 3058 133 3095; x_wconf 85' lang='grc'>1</span> <span class='ocrx_word' id='word_1_173' title='bbox 157 3037 213 3101; x_wconf 91' lang='lat' dir='ltr'>sed</span> <span class='ocrx_word' id='word_1_174' title='bbox 238 3057 319 3122; x_wconf 89' lang='lat' dir='ltr'>quae</span> <span class='ocrx_word' id='word_1_175' title='bbox 345 3041 511 3120; x_wconf 86' lang='lat' dir='ltr'>superaret</span> <span class='ocrx_word' id='word_1_176' title='bbox 535 3036 633 3099; x_wconf 85' lang='lat' dir='ltr'>fontis</span> <span class='ocrx_word' id='word_1_177' title='bbox 656 3036 830 3120; x_wconf 84' lang='lat' dir='ltr'>fastigium.</span> <span class='ocrx_word' id='word_1_178' title='bbox 872 3059 916 3102; x_wconf 82' lang='lat' dir='ltr'>ex</span> <span class='ocrx_word' id='word_1_179' title='bbox 939 3060 980 3103; x_wconf 92' lang='lat' dir='ltr'>ea</span> <span class='ocrx_word' id='word_1_180' title='bbox 1001 3055 1062 3102; x_wconf 91' lang='lat' dir='ltr'>cum</span> 
     </span>
     <span class='ocr_line' id='line_1_28' title="bbox 156 3142 1062 3226; baseline -0.002 -22"><span class='ocrx_word' id='word_1_181' title='bbox 156 3142 221 3206; x_wconf 89' lang='lat' dir='ltr'>tela</span> <span class='ocrx_word' id='word_1_182' title='bbox 232 3143 402 3206; x_wconf 92' lang='lat' dir='ltr'>tormentis</span> <span class='ocrx_word' id='word_1_183' title='bbox 415 3142 605 3224; x_wconf 89' lang='lat' dir='ltr'>iacerentur,</span> <span class='ocrx_word' id='word_1_184' title='bbox 623 3164 688 3205; x_wconf 93' lang='lat' dir='ltr'>non</span> <span class='ocrx_word' id='word_1_185' title='bbox 700 3147 824 3205; x_wconf 89' lang='lat' dir='ltr'>tanturn</span> <span class='ocrx_word' id='word_1_186' title='bbox 840 3162 963 3226; x_wconf 90' lang='lat' dir='ltr'>pecora</span> <span class='ocrx_word' id='word_1_187' title='bbox 977 3149 1062 3226; x_wconf 86' lang='lat' dir='ltr'>atque</span> 
     </span>
     <span class='ocr_line' id='line_1_29' title="bbox 156 3245 1060 3311; baseline 0 -2"><span class='ocrx_word' id='word_1_188' title='bbox 156 3247 299 3310; x_wconf 87' lang='lat' dir='ltr'>iumenta</span> <span class='ocrx_word' id='word_1_189' title='bbox 327 3245 385 3310; x_wconf 90' lang='lat' dir='ltr'>sed</span> <span class='ocrx_word' id='word_1_190' title='bbox 415 3245 510 3308; x_wconf 90' lang='lat' dir='ltr'>etiam</span> <span class='ocrx_word' id='word_1_191' title='bbox 540 3246 713 3309; x_wconf 86' lang='lat' dir='ltr'>multitudo</span> <span class='ocrx_word' id='word_1_192' title='bbox 738 3246 790 3309; x_wconf 93' lang='lat' dir='ltr'>siti</span> <span class='ocrx_word' id='word_1_193' title='bbox 814 3248 1060 3311; x_wconf 84' lang='lat' dir='ltr'>consumebatur·</span> 
     </span>
    </p>

    <p class='ocr_par' dir='ltr' id='par_1_14' title="bbox 122 3348 1059 3538">
     <span class='ocr_line' id='line_1_30' title="bbox 122 3348 1059 3434; baseline -0.004 -21"><span class='ocrx_word' id='word_1_194' title='bbox 122 3367 132 3404; x_wconf 92' lang='lat'>1</span> <span class='ocrx_word' id='word_1_195' title='bbox 222 3348 327 3413; x_wconf 86' lang='lat' dir='ltr'>XLII.</span> <span class='ocrx_word' id='word_1_196' title='bbox 362 3348 433 3423; x_wconf 82' lang='lat' dir='ltr'>Quo</span> <span class='ocrx_word' id='word_1_197' title='bbox 457 3349 541 3411; x_wconf 92' lang='lat' dir='ltr'>malo</span> <span class='ocrx_word' id='word_1_198' title='bbox 566 3350 670 3412; x_wconf 89' lang='lat' dir='ltr'>territi</span> <span class='ocrx_word' id='word_1_199' title='bbox 694 3348 1059 3434; x_wconf 79' lang='grc'><strong>01111111101111111010,</strong></span> 
     </span>
     <span class='ocr_line' id='line_1_31' title="bbox 156 3452 1057 3538; baseline 0.003 -23"><span class='ocrx_word' id='word_1_200' title='bbox 156 3453 244 3537; x_wconf 87' lang='lat' dir='ltr'>pice,</span> <span class='ocrx_word' id='word_1_201' title='bbox 283 3452 443 3516; x_wconf 85' lang='lat' dir='ltr'>scandulis</span> <span class='ocrx_word' id='word_1_202' title='bbox 481 3452 630 3517; x_wconf 88' lang='lat' dir='ltr'>ardentes</span> <span class='ocrx_word' id='word_1_203' title='bbox 662 3455 695 3516; x_wconf 93' lang='lat' dir='ltr'>in</span> <span class='ocrx_word' id='word_1_204' title='bbox 727 3474 826 3537; x_wconf 87' lang='lat' dir='ltr'>opera</span> <span class='ocrx_word' id='word_1_205' title='bbox 858 3455 1057 3538; x_wconf 67' lang='lat' dir='ltr'>provolvunt</span> 
     </span>
    </p>
   </div>
   <div class='ocr_carea' id='block_1_3' title="bbox 0 0 1170 3892">
    <p class='ocr_par' dir='ltr' id='par_1_15' title="bbox 0 0 1170 3892">
     <span class='ocr_line' id='line_1_32' title="bbox 0 0 1170 3892; baseline 0 2"><span class='ocrx_word' id='word_1_206' title='bbox 0 0 1170 3892; x_wconf 95' lang='lat' dir='ltr'> </span> 
     </span>
    </p>
   </div>
  </div>
 </body>
</html>
