2332 3892
192 221 252 282 104
556 219 590 269 v.
620 220 730 269 10—11.

153 413 166 451 a
189 399 308 457 rentur.
353 394 549 477 aliquantum
571 391 752 475 progressis
775 412 846 455 cum
869 391 934 455 iam
965 391 1103 455 extremi

190 504 297 562 essent
320 499 353 560 in
375 503 563 580 prospectu,
588 497 711 579 equites
735 517 754 560 a
777 495 814 570 Q.
838 494 932 560 Atrio
956 496 999 559 ad
1023 495 1104 559 an-

189 622 293 664 sarem
316 606 486 665 venerunt:
511 600 685 683 ,superiore
708 604 804 662 nocte
826 599 969 662 maxima
993 604 1104 662 coorta

188 711 380 789 tempestate
412 724 513 788 prope
547 724 658 767 omnes
689 723 794 784 naves,
820 702 963 767 adflictas
1006 708 1102 785 atque

189 810 308 873 eiectas
332 830 420 891 esse,
453 808 539 893 quod
560 828 665 891 neque
689 827 825 871 ancorae
848 806 1006 889 funesque
1030 806 1103 869 sub-

188 913 338 977 sisterent
360 933 464 996 neque
486 919 603 976 nautae
628 911 922 995 gubernatoresque
939 910 1006 974 vim
1021 916 1103 973 tem·

154 1017 321 1100 apestatis
353 1018 420 1100 pati
452 1022 598 1099 possent:
631 1016 738 1097 itaque
770 1034 921 1096 magnum
953 1033 1025 1075 esse
1055 1013 1103 1075 in·

191 1119 396 1184 commodum
419 1114 606 1202 acceptum‘

154 1246 166 1284 1
253 1223 312 1287 XI.
351 1224 412 1287 His
435 1225 530 1288 rebus
555 1223 691 1306 cognitis
716 1221 835 1286 Caesar
857 1220 898 1285 ad
920 1240 1020 1284 naves
1053 1239 1103 1282 re-

155 1350 167 1387 r
189 1329 337 1409 vertitur3
363 1328 477 1391 eadem
499 1328 577 1409 fere,
601 1347 682 1410 quae
706 1347 748 1390 ex
762 1327 878 1390 litteris
895 1330 1105 1408 cognoverat,

190 1454 298 1497 coram
320 1432 488 1515 perspicit,
521 1431 566 1493 sic
597 1436 632 1492 ut
661 1429 786 1493 amissis
809 1452 847 1491 rm
865 1428 1005 1492 navibus
1027 1428 1103 1490 reli·

190 1556 270 1619 quae
294 1543 402 1599 tamen
424 1535 511 1597 refici
534 1554 630 1617 posse
654 1534 721 1597 sine
745 1554 862 1616 magno
891 1532 1024 1615 negotio
1055 1532 1104 1595 vi·

156 1659 168 1696 ³
191 1639 351 1703 derentur.
396 1639 502 1721 itaque
534 1659 575 1700 ex
597 1639 778 1722 legionibus
801 1638 908 1702 fabros
931 1636 1045 1720 deligit
1070 1643 1104 1699 et

156 1765 168 1799 r
192 1763 232 1804 ex
256 1741 432 1805 continenti
455 1741 535 1804 alios
558 1740 676 1803 arcessi
691 1741 795 1821 iubet;
818 1739 963 1804 Labieno
980 1738 1102 1818 scribit,

157 1867 168 1902 ⁵
189 1852 224 1909 ut
247 1866 342 1928 quam
356 1844 509 1927 plurimas
523 1844 704 1928 legionibus
717 1864 816 1907 naves
834 1843 988 1907 instituat.
1019 1843 1102 1926 ipse,

190 1946 250 2010 etsi
281 1968 332 2009 res
365 1952 432 2009 erat
463 1947 581 2009 multae
612 1966 728 2028 operae
758 1966 795 2009 ac
824 1946 959 2028 laboris,
992 1952 1104 2010 tamen

192 2049 487 2113 commodissimum
517 2070 587 2113 esse
618 2051 728 2113 statuit
759 2071 870 2114 omnes
896 2071 995 2114 naves
1027 2050 1104 2113 sub·

157 2175 169 2212 e
192 2152 266 2216 duci
288 2158 320 2215 et
344 2172 415 2215 cum
439 2152 549 2215 castris
572 2174 635 2215 una
657 2153 834 2217 munitione
857 2153 956 2236 iungi.
994 2154 1028 2216 in
1051 2154 1104 2216 his

191 2257 286 2320 rebus
310 2256 435 2320 circiter
458 2255 527 2319 dies
550 2281 571 2319 x
594 2258 751 2320 consumit
773 2279 814 2321 ne
843 2258 1009 2321 nocturnis
1033 2259 1104 2340 qui·

158 2381 169 2417 1
193 2358 268 2423 dem
296 2359 494 2442 temporibus
524 2359 723 2424 intermissis.
769 2360 933 2424 subductis
965 2360 1104 2425 navibus

194 2462 366 2544 castrisque
398 2463 527 2546 egregie
557 2464 687 2527 munitis
717 2463 847 2528 easdem
878 2464 986 2547 copias
1011 2485 1104 2547 prae-

169 2562 274 2627 ·sidic
297 2564 431 2628 navibus
453 2566 592 2648 reliquit,
615 2567 684 2648 ipse
701 2566 826 2649 eodem,
850 2567 935 2631 unde
951 2567 1104 2651 redierat,

159 2666 411 2748 rproficiscitur.
453 2668 594 2732 'maiores
626 2667 766 2751 undique
797 2671 909 2752 copiae
931 2670 1104 2736 Britanno·

192 2791 264 2833 rum
286 2777 502 2833 convenerant
524 2791 647 2833 summa
662 2771 739 2833 belli
754 2771 997 2836 administrandi
1017 2795 1105 2838 eom·

193 2873 281 2937 muni
305 2874 437 2936 consilio
461 2874 616 2956 permissa
639 2872 893 2957 Cassivellaun03
918 2878 1007 2941 cuius
1023 2877 1104 2941 fines

193 2999 213 3040 a
234 2977 400 3040 maritimis
424 2977 604 3040 civitatibus
626 2977 745 3040 flumen
768 2978 898 3060 dividit,
932 2980 1020 3062 quod
1049 3000 1104 3063 ap·

193 3081 331 3163 pellatur
354 3079 515 3161 Tamesis,
546 3099 565 3140 a
591 3081 670 3142 mari
694 3080 818 3144 circiter
840 3082 928 3144 milia
951 3103 1104 3165 passuum

160 3207 284 3248 ccxxx.
323 3183 487 3265 superiore
510 3188 655 3264 tempore
681 3184 876 3247 continentia
898 3185 985 3248 bella
1007 3187 1104 3249 inter·

195 3292 373 3364 cesserant,
398 3283 456 3346 scd
478 3291 587 3348 nostro
612 3284 752 3349 adventu
769 3286 916 3349 Britanni
938 3287 1023 3352 hune
1046 3289 1104 3351 im·

193 3389 284 3471 perio
307 3388 536 3471 praefecerant.
