2332 3892
164 237 193 275 γι
545 217 689 268 Praefatio.

164 395 251 475 loca,
281 413 364 478 quae
393 392 471 456 item
499 391 679 456 necessario
712 393 857 475 flagitare
881 393 1072 457 medicinam

163 517 360 581 riderentur.
393 515 501 599 itaque
524 521 676 579 revocato
707 516 923 600 manuscripto
948 520 1073 580 textum

166 637 338 703 retractavi
362 643 635 723 retractatumque
658 638 743 722 typis
772 639 988 702 mandandum
1020 660 1072 702 cu-

164 761 232 824 ravi
255 759 377 844 primis·
391 758 486 822 huius
509 759 582 823 anni
612 760 776 824 mensibus
805 761 980 845 primisque
1006 760 1072 824 die·

165 880 225 945 bus
248 881 371 945 Martiis
395 902 434 945 eo
458 901 560 965 usque
584 881 727 965 perfecta
751 887 820 945 erat
842 887 951 946 textus
974 882 1073 966 ipsius

165 1003 283 1085 editio,
316 1008 352 1065 ut
375 1003 407 1066 in
430 1002 592 1088 prioribus
615 1026 675 1068 sex
697 1003 786 1068 libris
816 1005 879 1067 iam
902 1004 981 1068 nihil
1005 1000 1073 1067 om'-

166 1125 254 1206 nino,
279 1124 310 1186 in
334 1124 466 1208 reliquis
489 1124 555 1189 fere
579 1124 658 1188 nihil
681 1126 797 1188 mutari
820 1132 939 1210 posset.

228 1247 363 1310 Interim
395 1245 533 1310 Romam
576 1246 740 1330 protectus
778 1245 819 1309 ad
861 1245 1073 1310 excutiendos

161 1369 269 1433 denuo
295 1368 376 1431 duos
398 1368 471 1431 illos
495 1366 623 1431 codices
646 1366 837 1445 Vaticanos,
861 1367 975 1450 quibus
998 1388 1073 1429 usus

164 1496 216 1554 est
238 1490 405 1554 Holderus
434 1489 479 1552 ita
508 1496 543 1553 ut
567 1489 782 1553 conlationem
805 1495 995 1573 sequeretur
1016 1510 1072 1553 re-

163 1616 284 1674 tustam
315 1616 410 1695 atque
436 1632 501 1675 non
531 1632 595 1675 uno
624 1611 755 1674 nomine
783 1610 858 1674 satis
880 1616 1072 1696 suspectam,

78 1713 80 1717 Α
164 1755 230 1798 non
260 1733 358 1797 modo
391 1754 473 1819 quae
504 1732 589 1817 apud
619 1732 802 1796 Holderum
834 1731 874 1794 de
909 1732 1072 1816 scripturis

160 1855 283 1918 codicis
307 1851 333 1922 U
356 1854 525 1918 traduntur
549 1854 703 1941 sescentis
720 1854 798 1918 locis
814 1854 893 1917 falsa
909 1875 978 1918 esse
995 1853 1072 1936 vidi,

167 1978 224 2041 sed
249 1978 345 2043 etiam
370 1979 402 2042 in
426 1978 570 2042 codicem
588 1977 842 2042 Ottobonianum
861 1979 943 2040 1736
964 1976 1072 2058 incidi,

166 2121 229 2185 quo
263 2122 344 2184 quae
378 2100 527 2184 equidem
559 2099 600 2164 de
623 2120 688 2163 non
713 2098 948 2162 contemnenda
972 2098 1072 2162 classe

163 2223 266 2286 altera
296 2223 375 2286 mihi
399 2228 574 2286 statueram
605 2222 787 2287 confirmari
809 2222 854 2285 sic
877 2228 911 2283 ut
935 2220 1073 2284 dubitari

161 2344 227 2409 iam
245 2366 310 2408 non
327 2350 438 2429 posset
456 2345 532 2408 mihi
549 2344 751 2409 videbantur.
789 2345 898 2429 itaque
917 2349 1073 2428 quotquot

167 2465 297 2549 repperi
327 2464 455 2530 codices
484 2465 611 2550 inspexi
640 2487 751 2531 omnes
784 2473 816 2530 et
837 2487 913 2529 sane
936 2467 1073 2550 plurima

166 2607 232 2649 non
256 2587 368 2651 solum.
383 2607 465 2671 quae
489 2587 549 2650 viri
566 2586 653 2650 docti
668 2610 781 2652 verum
798 2589 895 2654 etiam
912 2610 993 2672 quae
1011 2610 1072 2673 ego

165 2710 351 2774 coniectura
381 2709 587 2774 restituerem
621 2710 737 2776 eadem
766 2732 897 2795 prorsus
927 2712 960 2774 in
986 2712 1073 2775 libris

165 2830 401 2915 manuscriptis
418 2836 544 2895 exstare
562 2831 638 2913 vidi,
662 2832 720 2896 sed
741 2833 818 2896 item
835 2834 935 2896 multa
951 2838 1072 2897 restare

162 2954 327 3019 codicibus
350 2954 412 3017 illis
438 2953 571 3018 ducibus
591 2953 790 3036 corrigenda,
815 2974 1007 3037 quaerero,
1032 2976 1072 3018 ne

163 3077 315 3142 editionis
338 3077 433 3141 huius
455 3076 528 3140 libri
551 3077 748 3161 posteriores
771 3077 914 3140 indolem
936 3099 1013 3161 prae
1038 3099 1072 3141 se

162 3200 282 3263 ferrent
306 3220 325 3262 a
346 3200 491 3283 priorum
514 3199 669 3263 librorum
692 3199 788 3283 longe
807 3200 965 3264 diversam
983 3199 1072 3281 (con-

163 3322 246 3385 feras
276 3321 374 3384 velim
403 3321 529 3384 futurae
553 3320 643 3385 istius
667 3322 863 3386 recensionis
887 3321 974 3405 quod
998 3321 1074 3384 dedi

164 3444 349 3526 exemplum
373 3443 405 3504 in
428 3442 537 3506 libello
555 3443 608 3527 qui
625 3442 719 3505 simul
735 3442 767 3505 in
783 3442 947 3526 publicum
966 3441 1074 3525 prodit
