<?xml version="1.0" encoding="UTF-8"?>
<!DOCTYPE html PUBLIC "-//W3C//DTD XHTML 1.0 Transitional//EN"
    "http://www.w3.org/TR/xhtml1/DTD/xhtml1-transitional.dtd">
<html xmlns="http://www.w3.org/1999/xhtml" xml:lang="en" lang="en">
 <head>
  <title>
</title>
<meta http-equiv="Content-Type" content="text/html;charset=utf-8" />
  <meta name='ocr-system' content='tesseract 3.04.00' />
  <meta name='ocr-capabilities' content='ocr_page ocr_carea ocr_par ocr_line ocrx_word'/>
</head>
<body>
  <div class='ocr_page' id='page_1' title='image "./ciuliicaesarisc00gitlgoog_0306.png"; bbox 0 0 2332 3892; ppageno 0'>
   <div class='ocr_carea' id='block_1_1' title="bbox 178 184 731 300">
    <p class='ocr_par' dir='ltr' id='par_1_1' title="bbox 178 184 731 300">
     <span class='ocr_line' id='line_1_1' title="bbox 178 184 731 300; baseline -0.007 -11"><span class='ocrx_word' id='word_1_1' title='bbox 178 238 238 300; x_wconf 81' lang='lat'>172</span> <span class='ocrx_word' id='word_1_2' title='bbox 528 235 591 288; x_wconf 91' lang='lat' dir='ltr'>v11.</span> <span class='ocrx_word' id='word_1_3' title='bbox 619 184 731 286; x_wconf 14' lang='lat' dir='ltr'>cnr-aa.</span> 
     </span>
    </p>
   </div>
   <div class='ocr_carea' id='block_1_2' title="bbox 119 405 1083 3497">
    <p class='ocr_par' dir='ltr' id='par_1_2' title="bbox 139 405 1079 802">
     <span class='ocr_line' id='line_1_2' title="bbox 139 405 1079 493; baseline 0 -23"><span class='ocrx_word' id='word_1_4' title='bbox 139 431 153 470; x_wconf 76' lang='grc' dir='ltr'>ι</span> <span class='ocrx_word' id='word_1_5' title='bbox 174 408 308 475; x_wconf 87' lang='lat' dir='ltr'>mandes</span> <span class='ocrx_word' id='word_1_6' title='bbox 324 408 572 493; x_wconf 83' lang='lat' dir='ltr'>vestiendosque</span> <span class='ocrx_word' id='word_1_7' title='bbox 591 416 694 489; x_wconf 81' lang='lat' dir='ltr'>curat3</span> <span class='ocrx_word' id='word_1_8' title='bbox 719 407 822 488; x_wconf 90' lang='lat' dir='ltr'>simul,</span> <span class='ocrx_word' id='word_1_9' title='bbox 845 413 881 470; x_wconf 89' lang='lat' dir='ltr'>ut</span> <span class='ocrx_word' id='word_1_10' title='bbox 901 405 1079 470; x_wconf 80' lang='lat' dir='ltr'>deminutae</span> 
     </span>
     <span class='ocr_line' id='line_1_3' title="bbox 175 512 1078 596; baseline -0.004 -18"><span class='ocrx_word' id='word_1_11' title='bbox 175 514 285 596; x_wconf 91' lang='lat' dir='ltr'>copiae</span> <span class='ocrx_word' id='word_1_12' title='bbox 301 512 603 596; x_wconf 80' lang='lat' dir='ltr'>redintegrarentur,</span> <span class='ocrx_word' id='word_1_13' title='bbox 621 513 757 595; x_wconf 89' lang='lat' dir='ltr'>imperat</span> <span class='ocrx_word' id='word_1_14' title='bbox 777 517 901 575; x_wconf 89' lang='lat' dir='ltr'>certum</span> <span class='ocrx_word' id='word_1_15' title='bbox 915 531 1078 577; x_wconf 88' lang='lat' dir='ltr'>numerum</span> 
     </span>
     <span class='ocr_line' id='line_1_4' title="bbox 173 614 1076 701; baseline -0.002 -22"><span class='ocrx_word' id='word_1_16' title='bbox 173 617 311 681; x_wconf 92' lang='lat' dir='ltr'>militum</span> <span class='ocrx_word' id='word_1_17' title='bbox 340 617 585 701; x_wconf 79' lang='lat' dir='ltr'>sagittariosque</span> <span class='ocrx_word' id='word_1_18' title='bbox 618 635 729 680; x_wconf 91' lang='lat' dir='ltr'>omnes</span> <span class='ocrx_word' id='word_1_19' title='bbox 759 615 908 699; x_wconf 78' lang='lat' dir='ltr'>conquiri</span> <span class='ocrx_word' id='word_1_20' title='bbox 931 622 964 678; x_wconf 93' lang='lat' dir='ltr'>et</span> <span class='ocrx_word' id='word_1_21' title='bbox 988 614 1076 679; x_wconf 86' lang='lat' dir='ltr'>adse</span> 
     </span>
     <span class='ocr_line' id='line_1_5' title="bbox 173 717 1076 802; baseline -0.006 -18"><span class='ocrx_word' id='word_1_22' title='bbox 173 723 256 785; x_wconf 91' lang='lat' dir='ltr'>mitti</span> <span class='ocrx_word' id='word_1_23' title='bbox 278 722 377 786; x_wconf 89' lang='lat' dir='ltr'>iubet.</span> <span class='ocrx_word' id='word_1_24' title='bbox 422 721 472 785; x_wconf 92' lang='lat' dir='ltr'>his</span> <span class='ocrx_word' id='word_1_25' title='bbox 494 720 591 785; x_wconf 89' lang='lat' dir='ltr'>rebus</span> <span class='ocrx_word' id='word_1_26' title='bbox 610 719 756 784; x_wconf 84' lang='lat' dir='ltr'>celeriter</span> <span class='ocrx_word' id='word_1_27' title='bbox 778 718 823 799; x_wconf 92' lang='lat' dir='ltr'>id,</span> <span class='ocrx_word' id='word_1_28' title='bbox 847 717 936 802; x_wconf 88' lang='lat' dir='ltr'>quod</span> <span class='ocrx_word' id='word_1_29' title='bbox 953 717 1076 782; x_wconf 81' lang='lat' dir='ltr'>Avarici</span> 
     </span>
    </p>

    <p class='ocr_par' dir='ltr' id='par_1_3' title="bbox 138 821 1075 1326">
     <span class='ocr_line' id='line_1_6' title="bbox 138 821 1075 908; baseline 0.002 -26"><span class='ocrx_word' id='word_1_30' title='bbox 138 843 151 882; x_wconf 83' lang='lat' dir='ltr'>s</span> <span class='ocrx_word' id='word_1_31' title='bbox 174 824 369 908; x_wconf 91' lang='lat' dir='ltr'>deperierat,</span> <span class='ocrx_word' id='word_1_32' title='bbox 399 822 555 908; x_wconf 85' lang='lat' dir='ltr'>expletur.</span> <span class='ocrx_word' id='word_1_33' title='bbox 600 823 729 886; x_wconf 85' lang='lat' dir='ltr'>interim</span> <span class='ocrx_word' id='word_1_34' title='bbox 749 821 973 903; x_wconf 80' lang='lat' dir='ltr'>Teutomatus,</span> <span class='ocrx_word' id='word_1_35' title='bbox 998 821 1075 886; x_wconf 92' lang='lat' dir='ltr'>Ollo-</span> 
     </span>
     <span class='ocr_line' id='line_1_7' title="bbox 171 925 1074 1011; baseline -0.002 -21"><span class='ocrx_word' id='word_1_36' title='bbox 171 927 294 992; x_wconf 89' lang='lat' dir='ltr'>vioonis</span> <span class='ocrx_word' id='word_1_37' title='bbox 323 927 424 1008; x_wconf 89' lang='lat' dir='ltr'>filius,</span> <span class='ocrx_word' id='word_1_38' title='bbox 453 946 513 991; x_wconf 85' lang='lat' dir='ltr'>rex</span> <span class='ocrx_word' id='word_1_39' title='bbox 540 925 786 1010; x_wconf 86' lang='lat' dir='ltr'>Nitiobrogum,</span> <span class='ocrx_word' id='word_1_40' title='bbox 816 926 907 989; x_wconf 91' lang='lat' dir='ltr'>ouius</span> <span class='ocrx_word' id='word_1_41' title='bbox 929 933 1022 1011; x_wconf 86' lang='lat' dir='ltr'>pater</span> <span class='ocrx_word' id='word_1_42' title='bbox 1042 925 1074 989; x_wconf 84' lang='lat' dir='ltr'>ab</span> 
     </span>
     <span class='ocr_line' id='line_1_8' title="bbox 173 1029 1072 1114; baseline -0.003 -18"><span class='ocrx_word' id='word_1_43' title='bbox 173 1038 286 1096; x_wconf 88' lang='lat' dir='ltr'>senatu</span> <span class='ocrx_word' id='word_1_44' title='bbox 307 1038 418 1097; x_wconf 90' lang='lat' dir='ltr'>nostro</span> <span class='ocrx_word' id='word_1_45' title='bbox 442 1032 562 1096; x_wconf 87' lang='lat' dir='ltr'>amicus</span> <span class='ocrx_word' id='word_1_46' title='bbox 579 1036 647 1094; x_wconf 86' lang='lat' dir='ltr'>erat</span> <span class='ocrx_word' id='word_1_47' title='bbox 662 1029 851 1114; x_wconf 88' lang='lat' dir='ltr'>appellatus,</span> <span class='ocrx_word' id='word_1_48' title='bbox 875 1050 950 1092; x_wconf 93' lang='lat' dir='ltr'>oum</span> <span class='ocrx_word' id='word_1_49' title='bbox 966 1049 1072 1113; x_wconf 88' lang='lat' dir='ltr'>magno</span> 
     </span>
     <span class='ocr_line' id='line_1_9' title="bbox 173 1131 1072 1219; baseline -0.004 -21"><span class='ocrx_word' id='word_1_50' title='bbox 173 1135 316 1219; x_wconf 92' lang='lat' dir='ltr'>equitum</span> <span class='ocrx_word' id='word_1_51' title='bbox 337 1155 482 1216; x_wconf 91' lang='lat' dir='ltr'>numero,</span> <span class='ocrx_word' id='word_1_52' title='bbox 505 1152 586 1218; x_wconf 89' lang='lat' dir='ltr'>quos</span> <span class='ocrx_word' id='word_1_53' title='bbox 610 1153 652 1196; x_wconf 86' lang='lat' dir='ltr'>ex</span> <span class='ocrx_word' id='word_1_54' title='bbox 672 1131 848 1217; x_wconf 84' lang='lat' dir='ltr'>Aquitania</span> <span class='ocrx_word' id='word_1_55' title='bbox 872 1131 1072 1212; x_wconf 87' lang='lat' dir='ltr'>conduxerat,</span> 
     </span>
     <span class='ocr_line' id='line_1_10' title="bbox 171 1240 488 1326; baseline -0.006 -21"><span class='ocrx_word' id='word_1_56' title='bbox 171 1240 214 1306; x_wconf 92' lang='lat' dir='ltr'>ad</span> <span class='ocrx_word' id='word_1_57' title='bbox 237 1263 309 1306; x_wconf 91' lang='lat' dir='ltr'>eum</span> <span class='ocrx_word' id='word_1_58' title='bbox 323 1241 488 1326; x_wconf 84' lang='lat' dir='ltr'>pervenit.</span> 
     </span>
    </p>

    <p class='ocr_par' dir='ltr' id='par_1_4' title="bbox 136 1341 1073 1635">
     <span class='ocr_line' id='line_1_11' title="bbox 136 1341 1072 1427; baseline -0.007 -17"><span class='ocrx_word' id='word_1_59' title='bbox 136 1370 149 1410; x_wconf 90' lang='lat' dir='ltr'>r</span> <span class='ocrx_word' id='word_1_60' title='bbox 236 1343 380 1410; x_wconf 88' lang='lat' dir='ltr'>XXXII.</span> <span class='ocrx_word' id='word_1_61' title='bbox 415 1343 534 1408; x_wconf 77' lang='lat' dir='ltr'>Caesar</span> <span class='ocrx_word' id='word_1_62' title='bbox 547 1342 678 1423; x_wconf 85' lang='lat' dir='ltr'>Avarici</span> <span class='ocrx_word' id='word_1_63' title='bbox 701 1342 884 1427; x_wconf 78' lang='lat' dir='ltr'>complures</span> <span class='ocrx_word' id='word_1_64' title='bbox 908 1341 978 1406; x_wconf 91' lang='lat' dir='ltr'>dies</span> <span class='ocrx_word' id='word_1_65' title='bbox 995 1359 1072 1406; x_wconf 92' lang='lat' dir='ltr'>com·</span> 
     </span>
     <span class='ocr_line' id='line_1_12' title="bbox 172 1432 1073 1533; baseline -0.006 -22"><span class='ocrx_word' id='word_1_66' title='bbox 172 1432 313 1511; x_wconf 84' lang='lat' dir='ltr'>moratus</span> <span class='ocrx_word' id='word_1_67' title='bbox 343 1468 563 1533; x_wconf 84' lang='lat' dir='ltr'>summamque</span> <span class='ocrx_word' id='word_1_68' title='bbox 585 1447 631 1512; x_wconf 93' lang='lat' dir='ltr'>ibi</span> <span class='ocrx_word' id='word_1_69' title='bbox 654 1447 779 1531; x_wconf 89' lang='lat' dir='ltr'>copiam</span> <span class='ocrx_word' id='word_1_70' title='bbox 800 1446 955 1510; x_wconf 84' lang='lat' dir='ltr'>frumenti</span> <span class='ocrx_word' id='word_1_71' title='bbox 979 1450 1012 1510; x_wconf 91' lang='lat' dir='ltr'>et</span> <span class='ocrx_word' id='word_1_72' title='bbox 1031 1463 1073 1506; x_wconf 87' lang='lat' dir='ltr'>re·</span> 
     </span>
     <span class='ocr_line' id='line_1_13' title="bbox 171 1548 1073 1635; baseline -0.002 -23"><span class='ocrx_word' id='word_1_73' title='bbox 171 1549 249 1635; x_wconf 91' lang='lat' dir='ltr'>liqui</span> <span class='ocrx_word' id='word_1_74' title='bbox 271 1557 468 1615; x_wconf 86' lang='lat' dir='ltr'>commeatus</span> <span class='ocrx_word' id='word_1_75' title='bbox 494 1555 628 1615; x_wconf 81' lang='lat' dir='ltr'>nanctus</span> <span class='ocrx_word' id='word_1_76' title='bbox 651 1549 828 1617; x_wconf 87' lang='lat' dir='ltr'>exercitum</span> <span class='ocrx_word' id='word_1_77' title='bbox 849 1569 892 1612; x_wconf 84' lang='lat' dir='ltr'>ex</span> <span class='ocrx_word' id='word_1_78' title='bbox 907 1548 1020 1612; x_wconf 85' lang='lat' dir='ltr'>labore</span> <span class='ocrx_word' id='word_1_79' title='bbox 1034 1551 1073 1610; x_wconf 78' lang='lat' dir='ltr'>at</span> 
     </span>
    </p>

    <p class='ocr_par' dir='ltr' id='par_1_5' title="bbox 136 1652 1078 2049">
     <span class='ocr_line' id='line_1_14' title="bbox 136 1652 1074 1739; baseline -0.002 -22"><span class='ocrx_word' id='word_1_80' title='bbox 136 1674 233 1738; x_wconf 81' lang='lat' dir='ltr'>oque</span> <span class='ocrx_word' id='word_1_81' title='bbox 264 1654 374 1739; x_wconf 88' lang='lat' dir='ltr'>inopia</span> <span class='ocrx_word' id='word_1_82' title='bbox 407 1654 529 1718; x_wconf 90' lang='lat' dir='ltr'>refecit.</span> <span class='ocrx_word' id='word_1_83' title='bbox 567 1655 630 1719; x_wconf 88' lang='lat' dir='ltr'>iam</span> <span class='ocrx_word' id='word_1_84' title='bbox 661 1674 762 1739; x_wconf 88' lang='lat' dir='ltr'>prope</span> <span class='ocrx_word' id='word_1_85' title='bbox 794 1653 903 1719; x_wconf 93' lang='lat' dir='ltr'>hieme</span> <span class='ocrx_word' id='word_1_86' title='bbox 935 1652 1074 1716; x_wconf 79' lang='lat' dir='ltr'>conlecta</span> 
     </span>
     <span class='ocr_line' id='line_1_15' title="bbox 172 1755 1072 1842; baseline -0.002 -21"><span class='ocrx_word' id='word_1_87' title='bbox 172 1778 244 1822; x_wconf 93' lang='lat' dir='ltr'>cum</span> <span class='ocrx_word' id='word_1_88' title='bbox 262 1758 332 1841; x_wconf 89' lang='lat' dir='ltr'>ipso</span> <span class='ocrx_word' id='word_1_89' title='bbox 349 1758 423 1821; x_wconf 89' lang='lat' dir='ltr'>anni</span> <span class='ocrx_word' id='word_1_90' title='bbox 437 1763 583 1842; x_wconf 88' lang='lat' dir='ltr'>tempore</span> <span class='ocrx_word' id='word_1_91' title='bbox 599 1757 640 1822; x_wconf 85' lang='lat' dir='ltr'>ed</span> <span class='ocrx_word' id='word_1_92' title='bbox 653 1755 832 1842; x_wconf 89' lang='lat' dir='ltr'>gerendum</span> <span class='ocrx_word' id='word_1_93' title='bbox 847 1756 972 1822; x_wconf 92' lang='lat' dir='ltr'>bellum</span> <span class='ocrx_word' id='word_1_94' title='bbox 987 1775 1072 1820; x_wconf 88' lang='lat' dir='ltr'>voca·</span> 
     </span>
     <span class='ocr_line' id='line_1_16' title="bbox 158 1851 1078 1947; baseline -0.009 -21"><span class='ocrx_word' id='word_1_95' title='bbox 158 1867 269 1947; x_wconf 57' lang='lat' dir='ltr'>⁴retur,</span> <span class='ocrx_word' id='word_1_96' title='bbox 292 1861 391 1944; x_wconf 85' lang='lat' dir='ltr'>legati</span> <span class='ocrx_word' id='word_1_97' title='bbox 413 1861 456 1925; x_wconf 85' lang='lat' dir='ltr'>ad</span> <span class='ocrx_word' id='word_1_98' title='bbox 479 1882 553 1925; x_wconf 91' lang='lat' dir='ltr'>eum</span> <span class='ocrx_word' id='word_1_99' title='bbox 568 1862 728 1946; x_wconf 87' lang='lat' dir='ltr'>principes</span> <span class='ocrx_word' id='word_1_100' title='bbox 743 1859 934 1925; x_wconf 87' lang='lat' dir='ltr'>Aeduorum</span> <span class='ocrx_word' id='word_1_101' title='bbox 949 1851 1078 1924; x_wconf 87' lang='lat' dir='ltr'>veniunt</span> 
     </span>
     <span class='ocr_line' id='line_1_17' title="bbox 173 1963 1073 2049; baseline -0.007 -21"><span class='ocrx_word' id='word_1_102' title='bbox 173 1970 307 2047; x_wconf 88' lang='lat' dir='ltr'>oratum,</span> <span class='ocrx_word' id='word_1_103' title='bbox 329 1969 365 2027; x_wconf 93' lang='lat' dir='ltr'>ut</span> <span class='ocrx_word' id='word_1_104' title='bbox 383 1965 523 2029; x_wconf 87' lang='lat' dir='ltr'>maxime</span> <span class='ocrx_word' id='word_1_105' title='bbox 538 1965 719 2030; x_wconf 90' lang='lat' dir='ltr'>necessario</span> <span class='ocrx_word' id='word_1_106' title='bbox 735 1970 882 2049; x_wconf 87' lang='lat' dir='ltr'>tempore</span> <span class='ocrx_word' id='word_1_107' title='bbox 899 1963 1073 2028; x_wconf 86' lang='lat' dir='ltr'>subveniat:</span> 
     </span>
    </p>

    <p class='ocr_par' dir='ltr' id='par_1_6' title="bbox 136 2065 1074 2256">
     <span class='ocr_line' id='line_1_18' title="bbox 136 2065 1074 2154; baseline -0.003 -23"><span class='ocrx_word' id='word_1_108' title='bbox 136 2088 305 2148; x_wconf 85' lang='lat' dir='ltr'>a,summo</span> <span class='ocrx_word' id='word_1_109' title='bbox 330 2088 400 2133; x_wconf 89' lang='lat' dir='ltr'>esse</span> <span class='ocrx_word' id='word_1_110' title='bbox 422 2069 456 2131; x_wconf 94' lang='lat' dir='ltr'>in</span> <span class='ocrx_word' id='word_1_111' title='bbox 477 2068 620 2154; x_wconf 89' lang='lat' dir='ltr'>periculo</span> <span class='ocrx_word' id='word_1_112' title='bbox 642 2089 722 2150; x_wconf 91' lang='lat' dir='ltr'>rem,</span> <span class='ocrx_word' id='word_1_113' title='bbox 745 2065 843 2152; x_wconf 92' lang='lat' dir='ltr'>quod,</span> <span class='ocrx_word' id='word_1_114' title='bbox 868 2087 942 2131; x_wconf 92' lang='lat' dir='ltr'>oum</span> <span class='ocrx_word' id='word_1_115' title='bbox 966 2065 1074 2150; x_wconf 87' lang='lat' dir='ltr'>singuli</span> 
     </span>
     <span class='ocr_line' id='line_1_19' title="bbox 171 2169 1074 2256; baseline -0.001 -21"><span class='ocrx_word' id='word_1_116' title='bbox 171 2172 344 2256; x_wconf 87' lang='lat' dir='ltr'>antiquitus</span> <span class='ocrx_word' id='word_1_117' title='bbox 376 2172 477 2236; x_wconf 88' lang='lat' dir='ltr'>creari</span> <span class='ocrx_word' id='word_1_118' title='bbox 508 2176 732 2252; x_wconf 88' lang='lat' dir='ltr'>consuessent,</span> <span class='ocrx_word' id='word_1_119' title='bbox 765 2169 828 2233; x_wconf 90' lang='lat' dir='ltr'>duo</span> <span class='ocrx_word' id='word_1_120' title='bbox 860 2169 1074 2253; x_wconf 85' lang='lat' dir='ltr'>magistratum</span> 
     </span>
    </p>

    <p class='ocr_par' dir='ltr' id='par_1_7' title="bbox 136 2272 1083 2772">
     <span class='ocr_line' id='line_1_20' title="bbox 136 2272 1074 2359; baseline -0.004 -20"><span class='ocrx_word' id='word_1_121' title='bbox 136 2301 150 2339; x_wconf 76' lang='grc' dir='ltr'>ι</span> <span class='ocrx_word' id='word_1_122' title='bbox 170 2281 294 2359; x_wconf 86' lang='lat' dir='ltr'>gerent.</span> <span class='ocrx_word' id='word_1_123' title='bbox 317 2276 432 2340; x_wconf 94' lang='lat' dir='ltr'>horum</span> <span class='ocrx_word' id='word_1_124' title='bbox 455 2297 526 2341; x_wconf 92' lang='lat' dir='ltr'>esse</span> <span class='ocrx_word' id='word_1_125' title='bbox 547 2275 686 2340; x_wconf 84' lang='lat' dir='ltr'>alterum</span> <span class='ocrx_word' id='word_1_126' title='bbox 702 2272 1003 2355; x_wconf 76' lang='lat' dir='ltr'>Conuictolitauem,</span> <span class='ocrx_word' id='word_1_127' title='bbox 1024 2273 1074 2334; x_wconf 90' lang='lat' dir='ltr'>flo-</span> 
     </span>
     <span class='ocr_line' id='line_1_21' title="bbox 171 2376 1074 2459; baseline -0.001 -19"><span class='ocrx_word' id='word_1_128' title='bbox 171 2384 297 2442; x_wconf 89' lang='lat' dir='ltr'>rentem</span> <span class='ocrx_word' id='word_1_129' title='bbox 313 2385 346 2443; x_wconf 95' lang='lat' dir='ltr'>et</span> <span class='ocrx_word' id='word_1_130' title='bbox 361 2379 518 2442; x_wconf 85' lang='lat' dir='ltr'>illustrem</span> <span class='ocrx_word' id='word_1_131' title='bbox 534 2377 785 2459; x_wconf 85' lang='lat' dir='ltr'>adulescentem,</span> <span class='ocrx_word' id='word_1_132' title='bbox 800 2377 937 2440; x_wconf 87' lang='lat' dir='ltr'>alterum</span> <span class='ocrx_word' id='word_1_133' title='bbox 953 2376 1074 2456; x_wconf 77' lang='lat' dir='ltr'>Cotum,</span> 
     </span>
     <span class='ocr_line' id='line_1_22' title="bbox 171 2480 1074 2565; baseline -0.002 -21"><span class='ocrx_word' id='word_1_134' title='bbox 171 2482 390 2565; x_wconf 84' lang='lat' dir='ltr'>antiquissima</span> <span class='ocrx_word' id='word_1_135' title='bbox 411 2481 531 2544; x_wconf 83' lang='lat' dir='ltr'>familia</span> <span class='ocrx_word' id='word_1_136' title='bbox 553 2486 663 2544; x_wconf 78' lang='lat' dir='ltr'>nomm</span> <span class='ocrx_word' id='word_1_137' title='bbox 683 2487 779 2565; x_wconf 87' lang='lat' dir='ltr'>atque</span> <span class='ocrx_word' id='word_1_138' title='bbox 795 2480 902 2561; x_wconf 91' lang='lat' dir='ltr'>ipsum</span> <span class='ocrx_word' id='word_1_139' title='bbox 915 2480 1074 2544; x_wconf 90' lang='lat' dir='ltr'>hominem</span> 
     </span>
     <span class='ocr_line' id='line_1_23' title="bbox 172 2583 1074 2669; baseline -0.006 -20"><span class='ocrx_word' id='word_1_140' title='bbox 172 2605 313 2649; x_wconf 86' lang='lat' dir='ltr'>summae</span> <span class='ocrx_word' id='word_1_141' title='bbox 342 2585 507 2669; x_wconf 84' lang='lat' dir='ltr'>potentiae</span> <span class='ocrx_word' id='word_1_142' title='bbox 531 2590 565 2648; x_wconf 89' lang='lat' dir='ltr'>ct</span> <span class='ocrx_word' id='word_1_143' title='bbox 585 2603 722 2668; x_wconf 84' lang='lat' dir='ltr'>magnae</span> <span class='ocrx_word' id='word_1_144' title='bbox 746 2583 964 2666; x_wconf 86' lang='lat' dir='ltr'>cognationis,</span> <span class='ocrx_word' id='word_1_145' title='bbox 995 2583 1074 2647; x_wconf 88' lang='lat' dir='ltr'>ouius</span> 
     </span>
     <span class='ocr_line' id='line_1_24' title="bbox 171 2685 1083 2772; baseline -0.003 -21"><span class='ocrx_word' id='word_1_146' title='bbox 171 2687 268 2752; x_wconf 85' lang='lat' dir='ltr'>frater</span> <span class='ocrx_word' id='word_1_147' title='bbox 283 2688 468 2753; x_wconf 81' lang='lat' dir='ltr'>Valetiacus</span> <span class='ocrx_word' id='word_1_148' title='bbox 490 2688 640 2772; x_wconf 88' lang='lat' dir='ltr'>proximo</span> <span class='ocrx_word' id='word_1_149' title='bbox 657 2707 740 2751; x_wconf 88' lang='lat' dir='ltr'>anno</span> <span class='ocrx_word' id='word_1_150' title='bbox 757 2685 897 2751; x_wconf 86' lang='lat' dir='ltr'>eundem</span> <span class='ocrx_word' id='word_1_151' title='bbox 914 2687 1083 2770; x_wconf 49' lang='lat' dir='ltr'>magistras</span> 
     </span>
    </p>

    <p class='ocr_par' dir='ltr' id='par_1_8' title="bbox 137 2788 1082 3081">
     <span class='ocr_line' id='line_1_25' title="bbox 137 2788 1073 2875; baseline -0.001 -22"><span class='ocrx_word' id='word_1_152' title='bbox 137 2798 240 2856; x_wconf 77' lang='lat' dir='ltr'>ctum</span> <span class='ocrx_word' id='word_1_153' title='bbox 262 2791 407 2875; x_wconf 86' lang='lat' dir='ltr'>gesserit.</span> <span class='ocrx_word' id='word_1_154' title='bbox 431 2792 594 2856; x_wconf 85' lang='lat' dir='ltr'>civitatem</span> <span class='ocrx_word' id='word_1_155' title='bbox 616 2813 687 2857; x_wconf 89' lang='lat' dir='ltr'>esse</span> <span class='ocrx_word' id='word_1_156' title='bbox 703 2812 832 2856; x_wconf 90' lang='lat' dir='ltr'>omnem</span> <span class='ocrx_word' id='word_1_157' title='bbox 847 2791 880 2853; x_wconf 91' lang='lat' dir='ltr'>in</span> <span class='ocrx_word' id='word_1_158' title='bbox 896 2792 1009 2872; x_wconf 70' lang='lat' dir='ltr'>armis,</span> <span class='ocrx_word' id='word_1_159' title='bbox 1032 2788 1073 2852; x_wconf 90' lang='lat' dir='ltr'>di·</span> 
     </span>
     <span class='ocr_line' id='line_1_26' title="bbox 171 2894 1082 2978; baseline -0.004 -19"><span class='ocrx_word' id='word_1_160' title='bbox 171 2895 275 2959; x_wconf 76' lang='lat' dir='ltr'>visum</span> <span class='ocrx_word' id='word_1_161' title='bbox 297 2899 459 2976; x_wconf 89' lang='lat' dir='ltr'>senatum,</span> <span class='ocrx_word' id='word_1_162' title='bbox 484 2894 621 2958; x_wconf 87' lang='lat' dir='ltr'>divisum</span> <span class='ocrx_word' id='word_1_163' title='bbox 642 2895 808 2978; x_wconf 90' lang='lat' dir='ltr'>populum,</span> <span class='ocrx_word' id='word_1_164' title='bbox 831 2913 905 2957; x_wconf 85' lang='lat' dir='ltr'>suas</span> <span class='ocrx_word' id='word_1_165' title='bbox 928 2894 1082 2976; x_wconf 86' lang='lat' dir='ltr'>cuiusque</span> 
     </span>
     <span class='ocr_line' id='line_1_27' title="bbox 173 2997 1071 3081; baseline -0.004 -20"><span class='ocrx_word' id='word_1_166' title='bbox 173 2998 347 3062; x_wconf 80' lang='lat' dir='ltr'>clientelas.</span> <span class='ocrx_word' id='word_1_167' title='bbox 385 2997 471 3081; x_wconf 92' lang='lat' dir='ltr'>quod</span> <span class='ocrx_word' id='word_1_168' title='bbox 506 2998 534 3061; x_wconf 90' lang='lat' dir='ltr'>si</span> <span class='ocrx_word' id='word_1_169' title='bbox 568 2997 686 3061; x_wconf 88' lang='lat' dir='ltr'>diutius</span> <span class='ocrx_word' id='word_1_170' title='bbox 717 2999 820 3061; x_wconf 87' lang='lat' dir='ltr'>alatur</span> <span class='ocrx_word' id='word_1_171' title='bbox 851 2997 1071 3075; x_wconf 85' lang='lat' dir='ltr'>controversia,</span> 
     </span>
    </p>

    <p class='ocr_par' dir='ltr' id='par_1_9' title="bbox 119 3099 1071 3289">
     <span class='ocr_line' id='line_1_28' title="bbox 119 3099 1071 3185; baseline -0.011 -16"><span class='ocrx_word' id='word_1_172' title='bbox 119 3137 137 3169; x_wconf 73' lang='lat' dir='ltr'>o</span> <span class='ocrx_word' id='word_1_173' title='bbox 171 3099 251 3183; x_wconf 86' lang='lat' dir='ltr'>fore,</span> <span class='ocrx_word' id='word_1_174' title='bbox 273 3099 320 3162; x_wconf 85' lang='lat' dir='ltr'>uti</span> <span class='ocrx_word' id='word_1_175' title='bbox 342 3120 415 3184; x_wconf 82' lang='lat' dir='ltr'>pars</span> <span class='ocrx_word' id='word_1_176' title='bbox 439 3121 511 3164; x_wconf 92' lang='lat' dir='ltr'>cum</span> <span class='ocrx_word' id='word_1_177' title='bbox 533 3108 624 3185; x_wconf 91' lang='lat' dir='ltr'>parte</span> <span class='ocrx_word' id='word_1_178' title='bbox 648 3102 814 3184; x_wconf 81' lang='lat' dir='ltr'>confliget3</span> <span class='ocrx_word' id='word_1_179' title='bbox 835 3099 871 3164; x_wconf 92' lang='lat' dir='ltr'>id</span> <span class='ocrx_word' id='word_1_180' title='bbox 888 3122 931 3166; x_wconf 92' lang='lat' dir='ltr'>ne</span> <span class='ocrx_word' id='word_1_181' title='bbox 946 3099 1071 3177; x_wconf 84' lang='lat' dir='ltr'>accidat,</span> 
     </span>
     <span class='ocr_line' id='line_1_29' title="bbox 171 3202 1006 3289; baseline 0.002 -23"><span class='ocrx_word' id='word_1_182' title='bbox 171 3203 311 3286; x_wconf 86' lang='lat' dir='ltr'>positum</span> <span class='ocrx_word' id='word_1_183' title='bbox 336 3203 369 3265; x_wconf 90' lang='lat' dir='ltr'>in</span> <span class='ocrx_word' id='word_1_184' title='bbox 392 3203 461 3268; x_wconf 88' lang='lat' dir='ltr'>eius</span> <span class='ocrx_word' id='word_1_185' title='bbox 484 3203 651 3286; x_wconf 85' lang='lat' dir='ltr'>diligentia</span> <span class='ocrx_word' id='word_1_186' title='bbox 673 3211 769 3289; x_wconf 89' lang='lat' dir='ltr'>atque</span> <span class='ocrx_word' id='word_1_187' title='bbox 793 3202 1006 3268; x_wconf 64' lang='lat' dir='ltr'>auctoritate!</span> 
     </span>
    </p>

    <p class='ocr_par' dir='ltr' id='par_1_10' title="bbox 138 3304 1070 3497">
     <span class='ocr_line' id='line_1_30' title="bbox 138 3304 1070 3388; baseline 0.001 -22"><span class='ocrx_word' id='word_1_188' title='bbox 138 3328 148 3366; x_wconf 84' lang='lat'>1</span> <span class='ocrx_word' id='word_1_189' title='bbox 236 3304 398 3370; x_wconf 83' lang='lat' dir='ltr'>XXXIII.</span> <span class='ocrx_word' id='word_1_190' title='bbox 435 3305 568 3388; x_wconf 76' lang='lat' dir='ltr'>Caesar,</span> <span class='ocrx_word' id='word_1_191' title='bbox 591 3328 632 3372; x_wconf 92' lang='lat' dir='ltr'>ne</span> <span class='ocrx_word' id='word_1_192' title='bbox 654 3315 744 3371; x_wconf 87' lang='lat' dir='ltr'>tanta</span> <span class='ocrx_word' id='word_1_193' title='bbox 766 3314 888 3373; x_wconf 89' lang='lat' dir='ltr'>ettam</span> <span class='ocrx_word' id='word_1_194' title='bbox 912 3309 1070 3371; x_wconf 87' lang='lat' dir='ltr'>coniuncta</span> 
     </span>
     <span class='ocr_line' id='line_1_31' title="bbox 173 3408 1068 3497; baseline -0.001 -25"><span class='ocrx_word' id='word_1_195' title='bbox 173 3409 292 3493; x_wconf 84' lang='lat' dir='ltr'>populo</span> <span class='ocrx_word' id='word_1_196' title='bbox 305 3408 453 3473; x_wconf 85' lang='lat' dir='ltr'>Romano</span> <span class='ocrx_word' id='word_1_197' title='bbox 466 3411 586 3492; x_wconf 77' lang='lat' dir='ltr'>civitas,</span> <span class='ocrx_word' id='word_1_198' title='bbox 599 3432 694 3497; x_wconf 87' lang='lat' dir='ltr'>quam</span> <span class='ocrx_word' id='word_1_199' title='bbox 705 3412 774 3496; x_wconf 86' lang='lat' dir='ltr'>ipse</span> <span class='ocrx_word' id='word_1_200' title='bbox 787 3432 917 3495; x_wconf 84' lang='lat' dir='ltr'>semper</span> <span class='ocrx_word' id='word_1_201' title='bbox 928 3411 1068 3477; x_wconf 83' lang='lat' dir='ltr'>coluisset</span> 
     </span>
    </p>
   </div>
   <div class='ocr_carea' id='block_1_3' title="bbox 0 0 1170 3892">
    <p class='ocr_par' dir='ltr' id='par_1_11' title="bbox 0 0 1170 3892">
     <span class='ocr_line' id='line_1_32' title="bbox 0 0 1170 3892; baseline 0 2"><span class='ocrx_word' id='word_1_202' title='bbox 0 0 1170 3892; x_wconf 95' lang='lat' dir='ltr'> </span> 
     </span>
    </p>
   </div>
  </div>
 </body>
</html>
