2332 3892
490 235 525 287 ιι.
554 235 667 288 oo-ss.
975 240 1037 302 125

128 424 244 492 aquam
273 403 366 470 factis
397 405 524 491 utrique
556 427 627 472 sese
659 426 717 472 suo
748 405 822 472 loco
860 398 1037 491 continent,

131 509 224 592 Galli,
248 509 336 593 quod
359 509 532 593 ampliores
554 511 673 594 copies,
696 531 777 596 quae
800 514 945 577 nondum
962 533 1037 577 oon·
1057 526 1073 565 '2

130 617 299 695 venerant,
325 611 574 696 exspectabant,
599 613 737 697 ansar,
761 616 788 679 si
809 617 892 682 forte
915 616 1074 681 timorist

130 715 332 780 simulatione
355 715 465 780 hostes
487 715 520 779 in
542 735 635 779 suum
655 717 763 782 locum
779 719 897 784 elicere
919 725 1039 804 posset,

130 826 165 884 nt
185 820 267 884 eitra
287 818 406 884 vallem
434 839 494 903 pro
517 821 627 884 castris
656 821 780 905 proelio
810 823 1039 903 contenderet;

130 925 155 988 si
176 923 212 988 id
233 943 301 988 non
322 928 448 1007 posset,
470 928 507 986 ut
529 922 705 1007 explorabo
726 923 894 989 itineribus
916 927 1039 989 minore

130 1025 275 1110 periculo
298 1024 417 1088 vallem
444 1025 613 1109 rivumque
637 1025 796 1091 transiret.
841 1028 945 1112 prima
966 1029 1073 1094 lucer

132 1128 291 1213 equitatus
326 1125 368 1190 ad
404 1131 507 1190 castra
546 1125 670 1190 accedit
705 1127 930 1215 proeliumque
967 1151 1039 1195 cum

130 1230 248 1296 nostris
293 1229 452 1314 equitibus
494 1228 675 1292 committit.
731 1229 849 1295 Caesar
892 1233 1076 1298 consultos

131 1335 256 1420 equites
279 1332 395 1398 cedere
419 1353 517 1418 seque
539 1333 694 1416 recipere,
717 1333 812 1397 simul
834 1356 878 1399 ex
893 1336 1041 1402 omnibus

130 1436 274 1523 partibus
305 1441 409 1501 castra
445 1435 559 1501 altiore
597 1436 682 1500 vallo
720 1437 837 1500 muniri
867 1443 1040 1524 portasque

131 1541 255 1606 obstrui
283 1545 379 1625 atque
407 1540 441 1604 in
469 1539 518 1603 his
547 1538 804 1603 administrandis
825 1541 923 1604 rebus
945 1562 1041 1626 quam

129 1645 273 1710 maxime
296 1641 479 1708 concursuri
501 1641 600 1706 iubet.
624 1721 629 1728 ·

193 1746 251 1812 LI.
290 1745 413 1820 Quibus
451 1743 598 1807 omnibus
633 1743 730 1808 rebus
767 1745 877 1810 hostes
914 1745 1076 1816 invitati1

127 1851 240 1935 copias
272 1849 443 1913 traducunt
472 1848 639 1933 aciemque
669 1848 778 1933 iniquo
816 1848 889 1912 loco
922 1850 1041 1913 consti·

128 1959 239 2035 tacut,
268 1953 386 2018 nostris
409 1973 487 2018 vero
510 1951 608 2017 etiam
630 1951 714 2020 vallo
740 1949 885 2014 deductis
908 1952 1041 2035 propius
1063 1968 1095 2019 a

128 2057 291 2123 accedunt
322 2062 356 2122 et
384 2056 450 2121 tela
478 2055 562 2119 intra
592 2055 803 2119 munitionem
827 2075 878 2118 ex*
892 2054 1041 2119 omnibus

126 2159 275 2246 partibus
313 2158 476 2224 coniciunt
505 2157 781 2242 praeconibusque
817 2156 1076 2224 circummississ

116 2264 332 2350 pronuntiari
354 2263 475 2345 iubent,
499 2283 557 2327 scu
579 2261 649 2346 quis
666 2260 779 2324 Gallus
801 2280 859 2325 seu
872 2258 1040 2326 Romanus

129 2367 210 2433 velit
241 2370 315 2432 ante
346 2367 460 2431 horam
491 2365 619 2431 tertiam
650 2362 691 2427 ad
722 2383 757 2428 se
786 2363 939 2446 transire,
971 2364 1041 2428 sine

127 2470 274 2556 periculo
297 2469 413 2552 licere;
436 2473 510 2555 post
531 2466 566 2531 id
587 2473 715 2550 tempus
729 2486 796 2529 non
811 2465 880 2531 fore
896 2472 1040 2551 potesta·
1062 2501 1075 2539 4

128 2582 217 2656 tem;
239 2594 276 2638 sc
299 2573 344 2637 sio
364 2578 492 2637 nostros
508 2574 778 2654 contempserunt,
800 2575 846 2651 ut,
871 2568 1041 2634 obstructis

127 2679 161 2742 in
189 2677 333 2762 speciem
362 2675 463 2761 portis
493 2675 628 2758 singulis
659 2672 823 2737 ordinibus
853 2675 1040 2758 caespitum,

127 2779 218 2866 quod
253 2800 320 2845 non
347 2799 445 2864 posse
477 2779 712 2861 introrumpere
745 2776 955 2859 videbantur,
987 2779 1042 2842 alii

126 2883 251 2949 vallum
279 2903 376 2947 manu
407 2881 572 2965 scindere,
602 2881 657 2944 alii
678 2880 780 2944 fossas
803 2881 967 2963 complere
990 2881 1039 2944 in-

127 2986 285 3071 ciperent.
328 2992 398 3049 tum
421 2984 541 3049 Caesar
570 2982 717 3049 omnibus
744 2983 847 3067 portis
870 2983 1075 3066 eruptiones

126 3089 214 3154 faeta
235 3087 443 3173 equitatuque
464 3088 581 3152 emisso
598 3086 708 3151 celerit
694 3091 754 3168 ter,
777 3085 823 3148 sic
845 3085 893 3147 uti
909 3086 1039 3150 omnino

128 3193 296 3258 resisteret
316 3212 425 3273 nemo,
448 3211 601 3274 magnum
622 3208 794 3253 numerum
811 3186 929 3251 occidit
915 3193 1039 3322 tatque

129 3314 242 3360 omnes
265 3294 361 3359 armis
385 3294 484 3358 exuit.

191 3396 265 3463 LII.
297 3396 441 3480 Longius
471 3395 622 3481 prosequi
654 3375 790 3478 veritum,
823 3392 911 3479 quod
938 3395 1074 3460 silvae1
