2332 3892
482 243 545 294 vn.
575 242 685 292 19-20.
972 243 1033 305 165

124 425 257 505 paratos
278 418 403 500 videat,
427 423 463 482 nt
484 418 608 482 nullum
628 436 688 501 pro
714 436 771 479 sua
792 414 887 479 laude
910 415 1034 498 pericu-

124 525 193 588 lum
216 528 381 604 recusent,
404 542 546 585 summae
571 541 605 584 se
627 520 804 604 iniquitatis
828 520 1034 584 condemnari

126 626 264 707 debere,
291 624 354 690 nisi
383 644 495 689 eorum
516 625 616 689 vitam
639 645 696 687 suo
717 625 835 688 habeat
858 621 1033 689 cariorem!

126 731 172 794 sic
195 729 315 793 milites
339 728 518 793 consolatus
546 728 671 811 reliqna
698 748 843 813 quaeque
867 728 909 792 ad
932 750 1066 813 oppu-e

127 832 314 918 gnationem
337 830 447 916 oppidi
468 830 699 894 administrare.

190 935 268 1000 XX.
304 935 569 1019 Vercingetorix,
605 955 678 999 oum
708 933 749 998 ad
780 956 855 999 snos
886 935 1066 1018 redisset,1

126 1039 319 1124 proditionis
341 1038 556 1119 insimulatus,
580 1037 666 1123 quod
689 1043 792 1102 castro
813 1039 944 1123 propius
965 1040 1033 1105 Ro-

128 1163 241 1208 monos
263 1139 426 1224 movisset,
449 1140 536 1225 qnod
559 1162 631 1205 eum
650 1142 737 1206 omni
755 1143 898 1225 equitatu
914 1142 1032 1208 disces·

129 1248 232 1328 sisset,
255 1244 341 1329 quod
364 1241 432 1309 sine
454 1245 591 1330 imperio
608 1246 716 1330 copias
730 1246 922 1330 reliquisset,
946 1249 1031 1332 quod

127 1350 268 1416 Romani
289 1354 379 1413 tenta
396 1349 633 1433 opportunitate
656 1349 818 1414 venissent
841 1347 929 1430 (,non
951 1352 1032 1416 haec
1054 1383 1066 1422 1

130 1455 236 1520 onmia
270 1452 401 1518 fortuito
439 1459 494 1516 aut
523 1453 591 1516 sine
629 1452 762 1518 consilio
794 1452 939 1516 accidere
974 1475 1030 1538 pc·

128 1559 244 1639 tuisse,
287 1576 423 1640 regnum
459 1556 550 1620 illum
588 1556 712 1622 Galliae
751 1558 845 1621 malle
885 1557 1030 1624 Caesaris

129 1680 285 1727 concessu
308 1680 404 1743 quam
425 1660 568 1744 ipsorum
589 1661 709 1725 habere
730 1658 921 1744 beneficio‘),
950 1665 1031 1729 haec

128 1764 310 1850 respondit:
340 1762 437 1848 ,quod
467 1769 569 1828 castra
590 1764 759 1847 movisset,
781 1765 901 1830 factum
922 1767 1031 1851 inopia
1052 1793 1065 1833 1

128 1868 237 1954 pabuli
260 1867 359 1932 etiam
381 1866 459 1951 ipsis
481 1867 696 1949 hortantibus3
720 1867 806 1952 quod
821 1870 952 1954 propius
965 1871 1031 1935 Ro-

128 1994 239 2038 manos
262 1972 460 2053 accessisset,
481 1991 670 2056 persuasum
689 1971 755 2036 loci
778 1974 1030 2056 opportunitate;

128 2078 271 2162 equitum
292 2096 370 2142 vero
394 2095 525 2160 operam
546 2095 651 2158 neque
674 2075 708 2140 in
729 2076 801 2140 loco
820 2075 953 2158 palustri
976 2076 1030 2140 de·
1051 2103 1064 2139 4

128 2180 261 2246 siderari
284 2185 316 2244 et
337 2178 435 2243 fuisse
457 2178 580 2260 utilem,
603 2197 665 2263 quo
680 2178 744 2242 sint
764 2177 910 2262 profecti.
947 2200 1064 2251 sum-5

127 2307 211 2351 marn
233 2285 360 2369 imperii
389 2304 424 2347 se
453 2283 597 2348 consulto
627 2282 706 2346 nulli
728 2281 947 2346 discedentem
968 2287 1032 2348 tra-

128 2389 257 2470 didisse,
280 2408 321 2452 ne
342 2389 370 2452 is
393 2386 606 2452 multitudinis
630 2383 735 2450 studio
759 2385 799 2448 ad
816 2384 1031 2451 dimicandum
1154 2375 1155 2380 ἵ

126 2492 349 2577 inpelleretur:
389 2491 440 2556 cui
477 2491 525 2554 rei
561 2495 693 2574 propter
729 2489 827 2553 animi
861 2489 1030 2554 mollitiem

127 2594 256 2660 studere
287 2615 406 2659 omnes.
456 2593 596 2660 Romani
627 2595 654 2658 si
687 2614 762 2658 casu
791 2594 1063 2678 intervenerinte

126 2698 283 2778 fortunae,
299 2696 326 2760 si
341 2697 473 2762 alicuius
487 2697 606 2763 indicio
622 2697 738 2779 vocati,
759 2697 834 2762 huic
848 2698 1029 2764 habendam

127 2801 279 2886 gratiam,
308 2800 395 2885 quod
423 2806 457 2864 et
483 2801 678 2885 paucitatem
702 2821 814 2866 eorum
836 2822 1028 2886 cognoscere

128 2910 159 2968 11
179 2903 333 2968 virtutem
348 2902 513 2989 despicere
533 2905 706 2989 potuerint,
730 2907 784 2990 qui
798 2905 949 2972 dimicare
964 2931 1030 2973 non

128 3008 197 3071 ausi
232 3007 367 3091 turpiter
402 3027 436 3071 se
470 3009 660 3091 receperint.
706 3008 876 3092 imperium
907 3031 940 3074 se
971 3031 1062 3094 pere

128 3109 344 3194 proditionem
379 3111 503 3175 nullum
546 3111 747 3194 desiderare,
785 3113 871 3196 quod
909 3114 1028 3178 habere

129 3214 262 3279 victoria
275 3219 396 3298 posset,
419 3233 500 3297 quae
515 3215 580 3278 iam
596 3220 681 3279 esset
695 3216 757 3279 sibi
771 3221 866 3298 atque
883 3217 1029 3281 omnibus

132 3315 231 3380 Gallis
253 3317 434 3402 explorctc3
465 3318 661 3401 quinetiam
686 3318 764 3402 ipsis
793 3318 972 3402 remittere,
1003 3322 1029 3383 si

133 3416 190 3481 sibi
210 3420 313 3504 magis
333 3419 489 3485 honorem
510 3420 650 3484 tribuere
673 3442 767 3504 quam
788 3422 827 3485 ab
843 3442 877 3485 se
893 3423 1027 3487 salutem
