2332 3892
159 264 219 327 188
508 263 570 313 vu.
597 263 709 313 or-oa.

155 426 461 502 ¹secundissimorum
476 439 675 522 proeliorum
692 436 849 501 memoria
864 436 971 521 ipsum
988 437 1059 502 Cae·

158 562 262 605 sarem
293 541 406 606 adesse
439 541 674 623 existimarent,
704 539 760 604 dat
790 541 920 624 signum
942 543 1059 626 proelii.

122 647 260 730 aprimo
292 667 447 711 concursu
482 646 522 710 ab
553 646 667 709 dextro
698 664 812 727 comu,
842 644 900 708 ubi
931 647 1061 730 septima

123 750 243 834 elegio
274 750 474 831 constiterat,
504 750 615 814 hostes
644 751 823 833 pelluntur3
854 749 895 814 ab
928 751 1062 832 sinistro,

157 873 254 937 quem
281 854 389 918 locum
419 877 472 917 xn.
501 854 587 938 legio
617 854 766 936 tenebat,
798 875 871 917 cum
896 856 994 938 primi
1017 877 1061 919 or·

158 959 249 1024 dines
272 958 416 1022 transfixi
435 957 660 1039 concidissent,
683 964 792 1022 tamen
814 959 972 1024 acerrime
994 961 1063 1023 reli-

8 1081 10 1085 ’
123 1064 211 1146 aqui
247 1062 448 1125 resistebant.
502 1062 572 1145 ipse
614 1061 680 1124 dux
720 1060 962 1146 Camulogenus
1003 1065 1063 1128 suis

122 1191 135 1229 c
157 1165 278 1246 aderat,
300 1165 486 1228 hortabatur
508 1166 631 1229 incerto
655 1165 753 1229 etiam
776 1165 877 1229 exitu.
924 1188 998 1232 cum
1017 1192 1063 1232 ur.

156 1270 294 1354 legionis
316 1269 451 1332 tribunis
473 1268 646 1351 nuntiatur,
668 1288 750 1352 quae
773 1269 807 1333 in
823 1269 953 1336 sinistro
971 1293 1064 1337 cornu

157 1380 352 1459 gererentur,
374 1379 448 1456 post
470 1378 598 1457 tergum
615 1374 757 1438 hostium
778 1374 946 1459 legionem
963 1385 1064 1442 osten·

121 1495 135 1541 'r
157 1479 272 1542 derunt
294 1478 449 1562 signaque
471 1477 656 1542 intulerunt.
701 1498 743 1542 ne
766 1498 806 1543 eo
831 1479 967 1562 quidem
988 1488 1064 1546 tem·

156 1604 235 1668 pore
252 1582 419 1667 quisquam
433 1583 507 1648 loco
524 1584 630 1665 cessit,
654 1583 712 1648 sed
731 1583 940 1649 circumventi
958 1607 1064 1651 omnes

56 1702 64 1707 “
157 1687 378 1769 interfectique
403 1692 485 1750 sunt.
524 1686 661 1750 eandem
683 1685 845 1751 fortunam
860 1689 935 1754 tulit
953 1690 1063 1756 Oamu·

122 1793 302 1874 slogenus.
352 1797 399 1872 at,
437 1791 492 1874 qui
524 1791 686 1874 praesidio
719 1799 809 1856 erent
837 1794 963 1877 relicti,
996 1817 1063 1859 cum

155 1897 315 1981 proelium
348 1894 559 1973 ¹commissum
596 1894 779 1978 audissent,
817 1895 964 1962 subsidio
1002 1900 1062 1962 suis

155 2002 262 2064 ierunt
280 2000 459 2083 collemque
483 2005 637 2083 oeperunt
658 2018 763 2082 neque
784 1999 945 2064 victorum
967 2002 1062 2086 impe-

121 2113 224 2174 otum
258 2105 415 2169 sustinere
452 2109 636 2188 potuerunt.
689 2102 735 2166 sic
766 2122 839 2165 cum
868 2101 1062 2187 fugientibus

155 2209 324 2295 permixti,
353 2228 433 2292 quos
462 2229 528 2272 non
557 2207 657 2270 silvae
686 2211 876 2288 montesque
905 2213 1062 2288 texenmt,

123 2342 148 2381 1o
156 2316 195 2380 ab
219 2315 363 2398 equitatu
385 2317 458 2375 sunt
479 2311 649 2374 interfecti.
685 2309 749 2373 hoc
762 2309 895 2393 negotio
921 2313 1061 2377 confecto

155 2417 316 2481 Labienus
338 2416 510 2480 revertitur
524 2408 739 2498 Agedincum,
761 2413 817 2477 ubi
833 2414 1063 2496 impedimenta

155 2520 253 2584 totius
270 2517 429 2583 exercitus
444 2515 556 2580 relicta
571 2522 675 2598 erant3
693 2515 745 2579 die
761 2517 857 2581 tertio
875 2538 949 2582 cum
966 2522 1062 2585 omni·

154 2624 214 2687 bus
239 2623 339 2707 copiis
362 2621 403 2685 ad
428 2620 599 2684 Caesarem
621 2620 785 2705 peruenit.¹

123 2755 134 2792 1
219 2725 342 2789 LXIII.
374 2723 563 2788 Aeduorum
584 2724 764 2808 legationes
779 2724 814 2787 in
830 2745 943 2789 omnes
959 2734 1061 2811 partes

123 2858 134 2897 a
156 2830 458 2909 circummittuntur;
482 2833 635 2911 quantum
650 2828 762 2911 gratia,
785 2829 989 2913 auctoritate,
1011 2852 1062 2915 pe·

156 2935 248 2999 cunia
277 2934 394 3014 valent,
424 2932 464 2996 ad
495 2930 711 2996 sollicitandas
743 2932 888 2995 civitates
918 2940 1060 3015 utuntur3

122 3065 135 3103 a
155 3038 240 3103 nacti
264 3036 402 3118 obsides,
426 3056 506 3120 quos
531 3034 648 3099 Caesar
670 3034 756 3119 apud
781 3055 837 3098 eos
861 3034 1061 3119 deposuerat,

123 3143 270 3206 chorum
299 3140 456 3225 supplicio
488 3138 671 3201 dubitantes
700 3136 857 3201 territant.
902 3147 1018 3223 petunt
1044 3162 1062 3204 a

154 3245 421 3328 Vercingetorige
443 3241 569 3323 Aedui,
598 3247 634 3305 ut
656 3239 697 3304 ad
720 3261 755 3304 se
777 3241 887 3306 veniat
908 3246 1061 3309 rationes-

123 3367 216 3431 sque
238 3346 316 3409 belli
338 3345 472 3430 gerendi
496 3344 722 3424 communicet;
745 3344 970 3429 reimpetrata
991 3369 1061 3411 oon·

154 3449 305 3529 tendunt,
336 3457 371 3513 ut
393 3451 470 3533 ipsis
494 3470 617 3513 summa
639 3448 767 3530 imperii
788 3449 943 3514 tradatur.
990 3471 1059 3516 con·
