2332 3892
187 271 227 331 28
592 269 613 319 1.
641 269 683 318 ro.

187 441 356 526 postulatis
386 446 481 524 atque
514 439 673 525 aequitate
702 443 870 525 perspecta
896 460 971 504 eum
992 460 1098 522 neque

188 566 276 608 suam
292 567 396 630 neque
411 544 522 629 populi
538 543 677 607 Romani
692 544 828 626 gratiam
843 543 1097 627 repudiaturum.

153 650 275 735 aquod
305 649 332 712 si
362 650 470 713 furore
500 654 595 732 atque
626 647 767 711 amentia
799 646 942 730 inpulsus
978 645 1099 709 bellum

187 754 363 832 intulisset,
395 751 471 836 quid
504 750 635 815 tandem
658 752 869 816 vererentur?
902 755 956 813 aut
979 741 1036 812 cur
1059 748 1098 813 da

188 877 245 919 sua
266 856 383 918 virtute
407 860 462 918 aut
485 855 525 919 de
555 855 654 939 ipsius
684 853 850 937 diligentia
869 853 1099 938 desperarent?

153 959 306 1022 adactum
338 959 406 1023 eius
437 959 539 1022 hostis
567 958 745 1042 periculum
776 963 904 1042 patrum
933 957 1100 1043 memoria,

189 1082 260 1126 cum
285 1061 420 1125 Cimbris
444 1064 477 1126 et
498 1061 651 1126 Teutonis
675 1082 694 1124 a
718 1061 753 1125 O.
777 1061 879 1125 Mario
909 1061 1010 1145 pulsis
1026 1083 1098 1124 non

188 1164 345 1228 minorem
368 1164 498 1229 laudem
521 1165 681 1229 exercitus
711 1185 807 1248 quam
829 1165 897 1248 ipse
921 1165 1100 1249 imperator

189 1269 320 1331 meritus
343 1267 508 1349 videatur,
538 1269 657 1332 factum
687 1269 784 1332 etiam
813 1289 915 1352 nuper
947 1270 980 1331 in
1004 1269 1100 1332 Italia

190 1372 298 1437 servili
321 1373 474 1453 tumultu,
499 1393 579 1458 quos
603 1380 711 1437 tamen
733 1371 853 1456 aliquid
876 1393 950 1435 usus
973 1393 1010 1436 ac
1035 1372 1099 1436 dis-

155 1497 167 1536 o
189 1475 305 1558 ciplina
327 1476 540 1540 sublevarent.
580 1497 621 1540 ex
640 1495 703 1559 quo
719 1475 853 1539 iudicari
867 1495 973 1558 posse,
997 1496 1099 1559 qnan-

189 1585 257 1642 tum
288 1578 424 1642 haberet
455 1579 488 1642 in
521 1600 555 1642 se
587 1577 664 1641 boni
696 1578 892 1658 constantia,
925 1583 1102 1662 propterea

189 1680 285 1765 quod,
310 1701 389 1764 quos
407 1679 601 1765 aliquamdiu
616 1681 757 1744 inermos
772 1681 839 1744 sine
864 1701 959 1743 causa
975 1680 1100 1743 timuis-

190 1789 280 1865 sent,
314 1790 429 1868 postea
468 1789 606 1847 armatos
638 1804 674 1847 ac
712 1784 850 1847 victores
884 1790 1100 1867 superassent.

154 1910 167 1948 r
190 1886 328 1970 denique
350 1887 410 1949 hos
434 1907 513 1968 esse,
537 1887 724 1970 quibuscum
747 1907 842 1970 saepe
866 1907 1000 1951 numero
1016 1889 1099 1952 Hel·

190 1989 268 2053 vetii
298 1990 461 2072 congressi
490 2009 557 2052 non
583 1990 687 2053 solum
716 1991 748 2053 in
779 1991 844 2053 suis
867 1989 924 2053 sed
947 1992 1044 2053 etiam
1066 1992 1100 2054 in

189 2093 318 2156 illorum
346 2093 461 2156 finibus
492 2094 680 2178 plerumque
712 2099 881 2178 superent,
914 2095 968 2179 qui
989 2102 1099 2158 tamen

156 2217 283 2281 apares
306 2212 377 2260 esse
405 2197 562 2260 exercitui
591 2218 657 2260 non
684 2199 857 2282 potuerint.
903 2199 1009 2283 siquos
1042 2199 1099 2263 ad·

189 2322 316 2366 versum
338 2300 497 2385 proelium
521 2307 553 2364 et
575 2301 652 2383 fuga
675 2301 841 2365 Gallorum
871 2308 1101 2384 commoveret,

191 2405 217 2468 si
247 2409 452 2488 quaererent,
483 2404 623 2488 reperire
654 2425 750 2489 posse
781 2405 996 2485 Ariovistum,
1028 2426 1101 2469 cnm

190 2508 308 2571 multos
331 2528 458 2570 menses
491 2507 601 2570 castris
633 2528 667 2573 se
692 2528 729 2573 ao
751 2508 921 2593 paludibus
943 2510 1101 2573 tenuisset

139 2664 142 2669 ,
191 2633 294 2695 neque
329 2612 377 2674 sni
406 2617 601 2696 potestatem
623 2612 772 2694 fecisset,
805 2611 1012 2696 desperantes
1036 2614 1101 2676 iam

193 2715 232 2778 de
265 2735 375 2799 pugna
406 2721 439 2778 et
473 2714 633 2799 dispersos
665 2714 770 2779 subito
812 2714 977 2778 adortum.
999 2716 1103 2798 magis

158 2819 315 2887 cratione
355 2824 387 2881 et
425 2819 558 2882 oonsilio
593 2838 689 2903 quam
719 2817 836 2881 virtute
871 2817 996 2880 vicisse.
1051 2819 1101 2881 oui

192 2922 308 2984 rationi
331 2928 443 2986 contra
471 2922 617 2985 homines
639 2921 792 2985 barbaros
810 2925 909 3003 atque
934 2920 1103 3003 imperitos

193 3026 283 3089 locus
304 3025 427 3106 fuisset,
450 3025 510 3089 hac
531 3047 573 3089 ne
589 3026 693 3109 ipsum
710 3024 840 3108 quidem
856 3044 986 3108 sperare
1007 3044 1101 3087 exer·

159 3129 293 3193 recitum
315 3128 386 3212 oapi
407 3148 513 3213 posse.
546 3127 600 3212 qui
623 3148 715 3191 suum
739 3127 888 3190 timorem
910 3127 944 3189 in
966 3126 1014 3189 rei
1036 3125 1101 3189 fru-

193 3230 369 3295 mentariae
392 3231 628 3295 simulationem
646 3230 871 3313 angustiasque
884 3229 1009 3292 ,itineris
1025 3250 1101 3292 con·

195 3335 334 3417 ferrent,
366 3335 472 3400 facere
496 3335 705 3418 adroganter,
735 3354 806 3397 curn
838 3337 893 3395 aut
926 3332 965 3395 de
997 3332 1101 3396 officio

195 3439 397 3523 imperatoris
421 3439 591 3524 desperare
614 3443 669 3502 aut
692 3436 911 3522 praescribere
936 3433 1102 3498 auderent.
