2332 3892
457 212 491 261 v.
519 214 596 263 6-7-
744 200 827 216 ””
923 215 981 278 101

137 382 197 444 VI.
229 382 307 447 Erat
329 404 482 447 unacum
508 384 622 448 ceteris
638 385 821 450 Dumnorix
836 385 982 450 Aeduus.
1006 403 1018 442 1

69 487 156 550 hunc
179 506 288 550 secum
310 486 430 550 habere
454 489 487 551 in
509 490 620 572 primis
645 492 867 573 constituerat,
897 491 984 575 quod
1095 557 1098 566 ,

70 590 224 673 cupidum
239 609 345 654 rerum
360 612 525 673 novarum,
550 593 700 676 cupidum
716 595 851 678 imperii,
874 596 983 680 magni

70 695 192 776 animi,
219 715 353 778 magnae
384 695 467 759 inter
497 697 608 762 Gallos
637 700 835 763 auctoritatis
864 720 983 783 cogno·

71 806 173 864 verat.
218 799 391 864 accedebat
413 802 492 880 huo,
526 802 611 885 quod
634 803 667 866 in
690 803 826 868 concilio
850 803 1018 868 deduc-2

70 926 143 967 rum
173 903 355 969 Dumnorix
384 905 509 969 dixerat
538 906 599 969 sibi
631 928 650 968 a
682 905 818 970 Caesare
847 927 1007 991 regnum·

71 1006 207 1089 delerri3
240 1007 325 1090 quod
346 1007 456 1072 Aedui
480 1011 620 1092 graviter
642 1010 787 1074 ferebant
810 1030 913 1093 neque
937 1011 982 1073 le·

71 1118 167 1196 gatos
188 1111 315 1175 mittere
339 1111 508 1175 audebant.
540 1111 573 1175 id
597 1134 638 1176 ex
661 1113 842 1196 hospitibus
865 1113 1017 1178 Caesare

71 1221 278 1300 cognoverat.
322 1215 377 1278 ille
401 1215 547 1279 omnibus
570 1216 718 1299 precibus
741 1222 870 1298 petere,
892 1224 927 1280 ut
950 1218 983 1281 in

71 1319 181 1385 Callia
211 1319 458 1401 relinqueretur,
489 1319 605 1401 partim
635 1318 720 1401 quod
752 1320 896 1383 insuetus
928 1342 983 1384 na·

69 1422 203 1508 rigandi
232 1442 319 1485 mare
350 1422 478 1485 timeret
499 1421 616 1504 partim
646 1421 731 1505 quod
754 1422 982 1506 religionibus,

69 1533 187 1610 postea
208 1545 303 1608 quam
324 1523 358 1587 id
381 1524 540 1588 obstinate
564 1523 625 1588 sibi
646 1525 758 1606 negari
780 1525 871 1606 vidit,
895 1528 982 1591 omni
1004 1550 1017 1588 ι

69 1651 129 1714 spe
168 1627 360 1712 impetrandi
398 1628 549 1710 adempta
592 1628 753 1711 principes
798 1629 981 1714 sollicitare,

68 1753 223 1799 sevocare
246 1731 439 1813 hortarique,
462 1731 510 1794 uti
524 1732 558 1795 in
572 1732 749 1795 continenti
763 1740 980 1810 remanerent3

68 1859 146 1920 ,non
175 1836 244 1900 sine
274 1855 369 1899 causa
395 1834 481 1917 fieri,
511 1840 545 1896 ut
570 1834 676 1899 Gallia
705 1835 791 1898 omni
814 1835 1015 1904 nobilitates

67 1940 275 2024 spoliaretur,
305 1935 339 2000 id
362 1956 431 2000 esse
456 1937 624 2001 consilium
647 1936 809 2021 Caesaris,
833 1946 878 2020 ut,
902 1961 981 2023 quos

66 2045 101 2108 in
133 2046 307 2125 conspectu
337 2041 461 2105 Calliae
493 2041 672 2105 interficere
704 2048 884 2125 vereretur,
921 2044 981 2109 hos

67 2166 180 2211 omnes
212 2145 246 2209 in
276 2144 475 2208 Britanniam
506 2144 669 2208 traductos
700 2153 843 2227 necaret3
883 2146 1016 2214 fidemc

65 2251 290 2332 interponere,
314 2245 533 2316 iusiurandum
555 2269 699 2331 poscere,
722 2256 775 2330 ut,
799 2251 886 2334 quod
909 2273 979 2317 esse

66 2373 111 2416 ex
131 2373 193 2415 usu
215 2351 467 2434 intellexissent,
497 2353 658 2416 communi
688 2353 820 2417 oonsilio
845 2354 980 2418 admini-

67 2462 216 2520 strarant

74 2538 82 2554 ’
130 2558 209 2622 VH.
248 2558 382 2640 Caesar,
417 2558 503 2642 quod
535 2566 658 2623 tantum
691 2561 812 2624 civitati
843 2560 1014 2634 Aedua01

66 2663 232 2747 dignitatis
255 2661 435 2743 tribuebat,
460 2660 674 2749 coercendum
697 2668 791 2744 atque
816 2661 979 2727 deterren-

66 2766 158 2847 dum,
189 2764 439 2849 quibuscumque
469 2764 565 2828 rebus
595 2771 720 2847 posset,
743 2763 979 2850 Dumnorigem

65 2867 243 2948 statuebat3
273 2864 360 2950 quod
388 2867 516 2950 longius
540 2868 608 2930 eius
631 2868 803 2931 amentiam
826 2869 978 2951 progredi
1001 2904 1013 2942 2

65 2970 206 3052 videbat,
220 2968 493 3053 prospiciendum,
508 2969 628 3052 nequid
644 2970 705 3033 sibi
720 2990 757 3031 ac
769 2970 817 3033 rei
830 2971 977 3053 publicae

64 3093 182 3138 nocere
216 3078 336 3155 posset.
381 3072 489 3154 itaque
522 3071 590 3135 dies
623 3072 748 3135 circiter
779 3095 840 3135 xxv
871 3074 903 3135 in
938 3095 1013 3148 eoa

64 3178 135 3242 loco
168 3180 400 3255 commoratus,
433 3173 520 3256 quod
550 3174 673 3237 Chorus
703 3181 817 3236 ventus
847 3176 977 3260 naviga·

65 3280 187 3343 tionem
208 3276 404 3361 inpediebat,
427 3278 481 3361 qui
504 3299 653 3362 magnam
675 3285 800 3361 partem
822 3281 976 3361 temporis

65 3383 149 3446 illius
170 3383 249 3445 flare
274 3381 448 3462 consuevit,
472 3381 568 3445 dabat
593 3402 733 3464 operam,
755 3388 790 3442 ut
814 3379 846 3441 in
871 3380 975 3446 officio
