2332 3892
489 259 537 309 vr.
567 260 678 311 ac-ar.
840 332 842 336 Ι
975 261 1032 322 151

127 453 251 496 summa
281 432 447 515 diligentia
476 432 592 496 milites
622 432 830 500 continuisset
858 453 895 495 ac
917 452 957 496 nc
982 452 1033 494 ca·

127 537 235 600 lonem
280 535 409 620 quidem
455 556 648 620 quemquam
690 543 781 600 extra
823 536 1034 600 munitionem

128 638 240 724 egredi
273 660 384 723 passus
417 646 520 721 esset,
553 639 689 722 septimo
723 639 775 705 die
814 639 960 703 diffidens
993 639 1033 703 de

126 763 262 808 numero
278 743 401 807 dierum
418 743 589 808 Caesarem
603 742 702 805 fidem
717 749 924 826 servaturum,
941 742 1034 807 simul
1056 768 1069 807 n

126 851 294 930 permotus
325 845 458 909 vocibus
495 846 589 928 ,illius
622 845 807 929 patientiam
841 867 943 930 paene
979 843 1033 908 ob-

126 948 305 1014 sessionem
331 949 453 1012 nullum
485 949 552 1012 eius
587 949 676 1012 modi
706 971 814 1015 casum
844 955 1034 1034 exspectans

127 1053 267 1137 quinque
299 1052 449 1116 cohortes
472 1053 700 1117 frumentatum
728 1053 762 1116 in
792 1053 955 1136 proximas
984 1072 1034 1115 se·

128 1160 222 1236 getes
259 1153 365 1218 mittit.
420 1156 600 1238 complures
638 1161 729 1219 erant
772 1177 814 1219 ex
855 1155 1033 1239 legionibus
1056 1155 1096 1217 a'

129 1258 220 1341 aegri
242 1258 364 1337 relicti3
392 1259 570 1342 exquibus
603 1259 657 1342 qui
688 1259 751 1322 hoc
782 1259 884 1342 spatio
910 1257 1034 1322 dierum

129 1363 374 1445 convaluerant,
399 1363 523 1427 circiter
545 1387 614 1445 ccc,
638 1364 695 1427 sub
726 1364 847 1428 vexillo
877 1384 942 1427 una
963 1364 1034 1426 mit·

129 1470 256 1545 tuntur3
280 1487 397 1549 magna
411 1472 579 1550 praeterea
594 1464 765 1528 multitudo
789 1466 937 1529 calonum
952 1464 1035 1527 facta

128 1574 290 1652 potestate
314 1571 465 1655 sequitur.

193 1670 371 1736 XXXVII.
402 1673 476 1737 Hoc
490 1674 561 1758 ipso
578 1679 724 1757 tempore
743 1672 897 1737 Germani
912 1672 1033 1756 equites
1057 1695 1068 1734 1

129 1775 345 1839 interveniunt
359 1777 568 1861 protinusque
585 1756 701 1842 ecdem
713 1778 778 1858 illo,
795 1797 857 1861 quo
870 1783 1032 1858 venerant,

130 1900 223 1942 cursu
254 1879 294 1943 ab
326 1879 501 1945 decumana
527 1887 622 1964 porta
649 1882 683 1945 in
717 1887 819 1944 castra
851 1882 1034 1964 inrumpere

131 1988 285 2048 conantur
305 2004 365 2048 nec
386 1985 474 2069 prius
496 1991 569 2048 sunt
591 1984 649 2049 visi
673 1983 806 2048 obiectis
826 1982 865 2046 ab
882 2004 921 2046 ea
942 1988 1033 2066 parte
1056 2000 1068 2038 a

130 2089 216 2152 silvis
240 2109 334 2172 quam
357 2090 467 2152 castris
490 2088 793 2173 adpropinquarent,
816 2105 915 2168 usque
934 2104 971 2147 eo
988 2090 1034 2165 ut,

131 2192 183 2275 qui
213 2191 272 2255 sub
298 2192 382 2255 vallo
411 2191 583 2256 tenderent
616 2195 828 2270 mercatores,
857 2185 1034 2270 recipiendi

131 2295 178 2357 sui
199 2294 384 2358 facultatem
405 2315 471 2358 non
497 2294 663 2359 haberent.
708 2293 910 2376 inopinantes
932 2291 1034 2354 nostri
1056 2314 1068 2353 a

130 2417 163 2461 re
192 2417 279 2460 nova
306 2397 531 2482 perturbantur
558 2417 595 2460 ac
624 2397 679 2461 vix
712 2396 850 2480 primum
879 2394 1034 2478 impetum

130 2499 246 2563 cohors
263 2499 296 2562 in
312 2500 447 2565 statione
464 2501 607 2564 sustinet.
645 2520 741 2582 aegre
760 2504 870 2583 portas
885 2504 1033 2578 tuentur3
1053 2532 1093 2570 as

128 2603 271 2687 reliquos
301 2601 404 2666 aditus
435 2604 524 2666 locus
564 2603 633 2686 ipse
670 2622 728 2686 per
764 2622 797 2665 sc
835 2601 1033 2685 munitioque

131 2704 284 2769 defendit.
329 2706 506 2791 trepidatur
535 2711 629 2790 atque
653 2705 733 2767 alius
756 2704 882 2768 exalia
907 2724 1068 2774 causams

130 2809 283 2872 tumultus
306 2810 444 2892 quaerit;
467 2830 572 2893 neque
589 2829 651 2893 quo
669 2808 759 2890 signa
773 2807 914 2870 ferantur
929 2826 1033 2889 neque

131 2934 226 2997 quam
254 2913 288 2976 in
318 2919 441 2996 partem
472 2915 604 2997 quisque
635 2911 820 2990 conveniat,
852 2907 1033 2993 provident.

132 3016 211 3079 aliua
234 3020 338 3079 castra
360 3021 452 3099 capta
474 3015 674 3099 pronuntiat,
705 3013 784 3077 alius
808 3012 915 3076 deleto
940 3010 1068 3080 exer-r

134 3119 197 3182 citu
226 3124 322 3202 atque
350 3118 543 3201 imperatore
567 3118 704 3181 victores
733 3115 884 3179 barbaros
907 3115 1032 3178 venisse

135 3221 312 3301 contendit,
335 3221 480 3305 plerique
502 3241 603 3284 noras
626 3219 685 3284 sibi
709 3240 751 3282 ex
772 3219 844 3281 loco
859 3217 1033 3300 religiones
1056 3247 1068 3284 a

134 3323 254 3408 fingunt
286 3323 465 3408 Cottaeque
500 3330 533 3388 ct
565 3323 677 3386 Titurii
711 3321 923 3384 calamitatem
960 3328 1033 3384 ante

138 3428 243 3491 oculos
265 3433 397 3511 ponunt.
442 3428 497 3490 tali
526 3427 641 3489 timore
664 3424 806 3486 firmatur
831 3424 937 3507 opinio
962 3423 1068 3488 bar-s

813 3528 827 3574 9
836 3524 852 3557 s
860 3524 877 3557 s
