2332 3892
367 232 429 282 vu.
450 181 570 282 'ss-31.
857 231 917 294 171

104 409 227 469 tterent.
274 424 347 485 ,non
376 403 493 468 virtute
522 424 627 488 neque
656 404 690 469 in
712 404 780 469 acie
803 403 954 469 vicisses

104 530 177 574 snos
201 507 259 571 sed
290 508 421 572 artificio
445 508 584 593 quodam
608 514 641 572 et
663 508 796 572 scientia
819 528 920 592 oppu-

104 612 182 693 cnis,
206 611 294 674 cuius
315 611 364 675 rei
385 611 503 675 fuerint
524 612 586 695 ipsi
608 612 758 697 imperiti.
803 631 919 693 errare,
940 629 954 668 ε

123 717 157 779 in
186 715 272 778 bello
304 734 415 778 omnes
438 715 596 780 secundos
617 737 726 780 rerum
744 722 919 802 proventus

104 825 211 884 rotent.
264 820 325 884 sibi
352 841 526 905 numquam
556 822 715 905 placuisse
745 820 954 886 Avaricums

104 925 153 1006 di,
177 924 265 989 cuius
280 925 328 988 rei
342 931 442 989 testes
464 927 552 1009 ipsos
567 926 711 1006 haberet,
728 925 786 990 sed
800 925 920 989 factum

104 1027 227 1092 rdentia
269 1027 452 1112 Biturigum
496 1035 528 1092 et
567 1029 666 1092 nimia
711 1028 921 1112 obsequentia

104 1151 227 1212 iorum,
263 1131 311 1193 uti
342 1131 405 1194 hoc
440 1130 681 1196 incommodum
712 1133 919 1216 acciperetur.

104 1253 177 1297 men
199 1253 234 1296 se
258 1233 405 1297 celeriter
427 1234 602 1298 maioribus
626 1234 804 1299 commodis
828 1255 954 1300 sana-s

104 1359 129 1400 n.
181 1359 256 1401 nam
291 1357 372 1421 quae
402 1339 442 1419 ab
471 1339 603 1423 reliquis
636 1338 740 1404 Gallis
772 1339 954 1404 civitatesa

103 1441 240 1522 ntirent,
272 1461 330 1505 sua
364 1442 530 1526 diligentia
565 1442 788 1507 adiuncturum
824 1448 919 1527 atque

103 1545 308 1610 tconsilium
336 1546 434 1610 totius
460 1547 584 1612 Galliae
608 1547 806 1630 effecturum,
831 1549 919 1612 cuius

104 1649 184 1711 insui
211 1667 252 1713 ne
283 1648 368 1712 orbis
398 1648 528 1732 quidem
559 1655 715 1713 terrarum
737 1650 840 1735 possit
865 1651 920 1714 ob-

104 1773 142 1834 e,
174 1753 271 1836 idque
312 1774 347 1817 se
375 1775 477 1838 prope
508 1755 573 1818 iam
605 1755 756 1820 effectum
789 1756 920 1822 habere.

104 1877 135 1921 ea
156 1875 294 1940 aequum
316 1875 387 1919 esse
411 1863 514 1920 eastra
536 1858 678 1939 munire,
710 1877 773 1940 quo
796 1858 920 1922 facilius
942 1877 954 1915 r

104 1960 199 2024 rtinos
220 1961 360 2044 impetus
384 1956 598 2024 sustinerent‘

104 2061 185 2126 XX.
225 2063 301 2126 Fuit
328 2063 409 2128 haec
439 2064 539 2128 oratio
569 2085 635 2128 non
663 2065 789 2148 ingrata
818 2065 919 2130 Gallis
942 2084 954 2123 1

104 2188 171 2250 me,
201 2167 287 2251 quod
309 2169 378 2251 ipse
408 2168 514 2232 animo
544 2189 609 2232 non
632 2167 794 2232 defecerat
814 2188 919 2252 neque

104 2277 221 2336 »ectum
242 2270 455 2335 multitudinis
477 2271 619 2355 fugerat3
646 2272 782 2355 plusque
813 2272 919 2336 animo
941 2286 954 2325 2

104 2375 183 2441 dere
205 2381 238 2439 et
259 2376 457 2459 praesentire
487 2373 745 2456 existimabatur,
776 2374 863 2459 quod
885 2396 920 2439 re

104 2502 137 2545 ra
157 2479 262 2565 primo
286 2477 524 2543 incendendum
546 2476 737 2559 Avaricum,
765 2484 841 2561 post
865 2477 921 2541 de·

105 2583 184 2647 dum
213 2588 389 2647 censuerat.
434 2583 542 2666 itaque
571 2588 607 2645 ut
636 2581 834 2666 reliquorum
861 2582 956 2646 imur

104 2708 193 2752 orum
231 2708 283 2750 res
322 2685 476 2750 adversae
508 2685 731 2749 auctoritatem
763 2687 920 2767 minuunt,

104 2790 167 2853 rius
183 2809 225 2872 ex
241 2789 398 2854 contario
411 2787 549 2872 dignitas
565 2787 770 2852 incommodo
788 2794 920 2870 accepto

104 2912 136 2956 es
159 2892 345 2977 augebatur.
861 2908 863 2911 ’
946 2893 949 2898 ’

104 2993 201 3060 XXI.
235 2995 267 3058 N
269 3015 306 3058 ee
336 2996 440 3059 minus
463 3016 560 3080 quam
584 3002 633 3061 est
654 2998 816 3081 pollicitus
840 2995 955 3059 Ver-1

104 3098 191 3162 torix
212 3097 395 3180 laborabat,
419 3106 455 3162 ut
477 3100 616 3182 reliquas
640 3101 786 3163 civitates
809 3098 921 3162 adiun-
967 3121 987 3156 ο

104 3247 112 3264 .
135 3201 211 3266 huic
224 3201 273 3264 rei
286 3201 422 3265 idoneos
438 3202 585 3266 homines
596 3201 768 3286 deligebat,
785 3222 921 3286 quorum
943 3220 955 3259 2

104 3324 146 3387 ue
161 3311 217 3369 aut
234 3306 379 3370 oratione
396 3305 531 3371 subdola
546 3312 600 3370 aut
616 3306 755 3370 amicitia
769 3304 920 3369 facillime

104 3414 130 3474 t.
176 3409 231 3493 qui
258 3407 398 3474 Avarico
430 3414 613 3492 expugnato
644 3409 843 3492 refugerant,
873 3425 956 3470 ar·³
