2332 3892
165 235 225 296 182
510 233 573 284 vrr.
601 235 713 286 se-ar.

126 414 285 498 arentur,
313 413 457 471 terreret.
495 408 564 491 ipse
592 408 723 492 paulurn
750 428 822 471 cum
843 406 973 490 legione
995 427 1058 490 pro·

160 532 288 595 gressus
312 519 462 577 eventum
484 533 610 597 pugnae
634 512 852 595 exspectabat.

125 631 138 672 1
223 615 260 680 L.
283 615 364 680 Oum
379 616 533 680 acerrime
550 616 726 681 comminus
741 624 947 700 pugnaretur,
964 617 1059 680 subito

125 727 232 784 nsunt
253 719 362 784 Aedui
390 720 461 784 visi.
491 719 526 783 hi
555 718 763 783 similitudine
788 740 951 784 armorum
973 721 1060 784 velie·

159 829 282 888 menter
303 829 430 889 nostros
452 829 692 907 perterruerunt
715 844 766 904 ac,
792 823 922 887 tametsi
946 822 1060 887 dextris

158 928 276 991 umeris
310 926 464 1008 exsertis,
501 924 587 1009 quod
622 926 747 1009 insigne
783 946 854 991 esse
890 934 1060 1007 consuerat,

157 1038 265 1095 tamen
296 1030 330 1094 id
362 1032 468 1114 ipsum
501 1030 550 1094 sui
582 1029 714 1094 fallendi
749 1050 845 1094 causa
878 1031 998 1094 milites
1026 1031 1060 1095 ab

123 1133 302 1201 shostibus
332 1133 452 1198 factum
484 1133 719 1197 existimabant.
772 1133 890 1198 eodem
922 1140 1060 1218 tempore

156 1238 193 1302 L.
217 1238 336 1302 Fabius
368 1237 527 1320 centurio,
560 1238 677 1321 quique
707 1257 771 1301 una
799 1258 929 1301 murum
960 1260 1061 1302 ascen-

158 1341 288 1423 derant,
322 1340 528 1405 circumventi
560 1347 655 1423 atque
686 1340 846 1404 interfecti
877 1343 1062 1427 praecipita·

122 1469 136 1509 s
155 1445 280 1509 bantur.
317 1445 362 1508 M.
377 1444 557 1526 Petronius,
582 1443 728 1507 eiusdem
750 1442 889 1527 legionis
914 1446 1061 1526 centiuio,

157 1569 229 1613 cum
256 1554 366 1632 portas
398 1547 548 1612 excidere
581 1553 713 1611 conatus
744 1553 844 1629 esset,
877 1569 906 1619 a
925 1549 1062 1612 multitu·

157 1652 231 1716 dine
262 1672 433 1735 oppressus
462 1672 499 1715 ac
522 1650 711 1735 desperans,
744 1651 852 1713 multis
882 1651 1062 1716 vulneribus

156 1755 295 1838 acceptis
317 1753 567 1838 manipularibus
590 1754 665 1837 suis,
689 1750 860 1836 ,quoniam‘
883 1755 989 1838 iuquit
1006 1776 1061 1837 ,me

155 1878 220 1921 una
232 1857 399 1922 vobiscum
414 1877 540 1922 servare
555 1878 621 1923 non
635 1878 777 1942 possum,
793 1865 920 1924 vestrae
937 1861 1062 1944 quidem

158 1969 242 2025 certa
272 1963 357 2027 vitae
386 1962 595 2046 prospiciam,
629 1981 709 2044 quos
739 1961 915 2045 cupiditate
945 1964 1061 2047 gloriae

122 2091 135 2130 a
157 2065 313 2130 adductus
335 2067 369 2129 iu
390 2066 568 2149 periculum
589 2065 720 2129 deduxi.
752 2087 810 2130 vos
826 2065 903 2131 data
916 2066 1062 2132 facultate

156 2171 248 2235 vobis
272 2165 449 2235 consulite‘.
487 2171 581 2234 simul
610 2169 643 2233 in
667 2167 792 2234 medios
814 2169 927 2234 hostes
949 2171 1062 2255 inrupit

157 2275 346 2359 duobusque
375 2274 550 2338 interfectis
579 2274 721 2356 reliquos
745 2294 765 2337 a
785 2279 880 2356 porta
902 2275 1062 2356 paululum

122 2398 136 2438 a
158 2379 327 2443 submovit.
361 2377 548 2443 conantibus
567 2378 715 2441 auxiliari
730 2377 796 2441 suis
812 2375 950 2459 ,frustra‘
967 2377 1063 2463 inquit

156 2502 258 2563 ,meae
273 2483 358 2547 vitae
374 2482 544 2547 subvenire
561 2481 729 2563 conamini,
745 2499 841 2563 quern
856 2480 922 2544 iam
938 2481 1062 2565 sanguis

156 2586 304 2667 viresque
321 2584 481 2649 deficiunt.
505 2586 640 2668 proinde
657 2585 751 2667 abite,
769 2584 845 2648 dum
861 2591 911 2648 est
923 2586 1061 2666 facultas,

157 2707 278 2770 vosque
308 2686 349 2751 ad
376 2688 539 2770 legionem
562 2684 717 2772 recipite‘.
755 2688 799 2752 ita
821 2708 970 2772 pugnans
995 2709 1062 2753 con-

159 2790 245 2854 cidit.

124 2918 136 2960 1
221 2893 276 2958 LI.
299 2894 409 2960 Nostri
427 2917 499 2960 oum
512 2894 652 2979 undique
666 2902 899 2979 premerentur,
914 2916 1062 2960 xnvroen·

156 2998 335 3063 turionibus
371 3000 495 3063 amissis
534 2998 651 3062 deiecti
687 3003 760 3061 sunt
797 2998 880 3061 loco.
926 2997 985 3061 sed
1019 2997 1062 3059 in·

156 3102 344 3166 tolerantius
368 3104 480 3168 Gallos
508 3103 714 3184 insequentes
744 3100 830 3183 legio
857 3100 984 3165 decima
1005 3107 1061 3164 tar·

123 3229 136 3268 a
158 3203 351 3268 davitzhauo
359 3226 468 3268 rursus
477 3228 540 3268 xm.
550 3204 689 3287 legionis
699 3204 848 3267 cohortes
859 3207 1060 3288 exceperunt.

122 3331 136 3370 a
156 3307 311 3391 legiones,
330 3308 386 3372 ubi
400 3309 540 3392 primum
554 3307 726 3392 planiciem
741 3307 926 3391 attigerunt,
943 3306 1061 3371 infestis

122 3411 256 3491 nsignis
289 3413 508 3476 constiterunt.
558 3411 808 3494 Vercingetorix
838 3411 877 3475 ab
907 3411 1061 3476 radicibus
