2332 3892
451 250 487 302 v.
516 252 627 302 rr-ae.
938 256 998 318 109

108 444 226 508 dagnus
257 423 483 487 ibi-numerus
518 423 645 507 pecoris
675 430 822 508 repertus
845 425 1000 509 multique
1021 450 1034 488 a

108 527 224 609 ufuga
246 533 320 590 sunt
344 527 567 610 comprehensi
590 532 684 610 atque
707 527 876 592 interfecti.

156 629 268 695 XXII.
305 629 393 694 Dum
422 631 504 694 haec
540 636 708 713 geruntur,
744 629 1035 695 Cassivellaunus1

108 735 133 798 ‚d
163 733 332 814 Cantium,
363 732 478 816 quibus
513 732 699 816 regionibus
731 739 881 816 quattuor
907 754 1002 817 reges

108 842 280 918 reserant,
319 834 524 919 Cingetorix,
556 834 729 917 Carvilius,
762 836 1003 921 Taximagulus,

108 941 257 1025 tegovex,
279 939 409 1003 nuntios
427 938 526 1002 mittit
539 938 588 1002 uti
604 939 723 1002 coactis
740 940 887 1003 omnibus
903 941 1004 1024 copiis

108 1051 198 1109 astra
220 1043 348 1108 navalia
374 1042 415 1106 de
443 1042 607 1126 inproviso
631 1041 824 1106 adoriantur.
868 1043 903 1106 hi
932 1063 1039 1106 cumr

108 1147 135 1212 ul
158 1153 270 1210 eastra
285 1145 458 1225 venissent,
479 1133 582 1208 nostri
604 1145 772 1227 eruptione
793 1145 877 1208 facta
897 1148 1005 1210 multis

108 1250 288 1330 ntcrfectis,
326 1255 419 1333 capto
451 1248 548 1312 etiam
577 1247 679 1311 nobili
702 1247 784 1311 duce
805 1247 1005 1334 Lugotorige

108 1375 170 1420 uros
201 1353 381 1418 incolumes
415 1352 622 1416 reduxerunt.
669 1351 927 1416 Cassivellaunus
957 1360 1041 1418 tote

108 1457 299 1523 letrimentis
329 1457 487 1539 acceptis,
523 1456 657 1520 vastatis
693 1455 828 1538 finibus,
864 1459 1006 1523 maxime

108 1558 195 1623 ctiam
210 1561 376 1642 permotus
392 1556 583 1638 defectione,
602 1558 729 1640 legatos
743 1577 802 1640 per
816 1556 1007 1623 Atrebatem

108 1661 284 1727 Ucmmium
306 1660 347 1724 de
371 1660 535 1725 deditIone
557 1661 667 1726 mittit.
698 1659 826 1742 Caesar,
850 1682 922 1724 cum
944 1669 1042 1727 sta-r

108 1766 212 1830 uisset
227 1765 371 1829 hicmare
381 1763 416 1827 in
426 1763 603 1828 continenti
616 1783 720 1846 neque
730 1764 867 1827 multum
877 1768 1008 1830 aestatis

108 1874 301 1954 superesset,
332 1867 461 1932 obsides
492 1869 630 1950 imperat
667 1873 699 1930 et
736 1866 820 1949 quid·
843 1868 878 1931 in
906 1890 1008 1934 annos

108 1972 243 2057 singulos
264 1969 432 2053 vectigalis
447 1969 569 2053 populo
585 1969 733 2033 Romano
748 1969 915 2034 Britannia
930 1991 1008 2053 pen·
1038 1968 1040 1972 ’

108 2076 206 2155 leret3
228 2072 391 2137 interdicit
415 2070 655 2136 Cassivellauno
677 2071 936 2136 Trinobantibus.
1010 2095 1042 2132 :s

160 2176 294 2242 XXIII.
325 2175 499 2240 Obsidibus
514 2176 654 2258 acceptis
670 2175 847 2238 exercitum
868 2176 1042 2246 reducitur

108 2302 198 2347 nares
229 2278 353 2343 invenit
381 2277 528 2341 relectas.
572 2275 625 2341 his
655 2276 820 2358 deductis,
859 2278 945 2360 quod
978 2285 1052 2348 et···2³

108 2383 302 2468 captivorum
322 2401 475 2464 magnum
503 2400 672 2444 numerum
700 2380 841 2444 habebat
870 2387 914 2445 etv
930 2404 1011 2447 non·

108 2486 208 2550 nullae
251 2488 443 2567 tempestate
487 2482 691 2566 deperierant
726 2504 844 2565 naves,
884 2485 1011 2550 duobus

108 2586 334 2655 commeatibus
362 2586 538 2651 exercitum
567 2594 707 2671 portare.
743 2587 874 2667 accidit,
897 2590 944 2652 uti
968 2610 1043 2656 exe

108 2697 148 2756 tot
184 2690 320 2755 navibus
351 2708 455 2772 neque
487 2690 550 2754 hoc
586 2709 694 2772 neque
725 2689 890 2774 superiore
925 2713 1010 2758 anno

108 2794 166 2859 ulla
189 2792 340 2872 omnino,
370 2810 451 2873 quae
474 2791 594 2855 milites
621 2797 780 2874 portaret,
811 2790 1011 2858 desiderare-

108 2901 224 2976 b1r3at
248 2915 290 2958 ex
310 2894 360 2976 iis,
392 2913 474 2976 quae
501 2895 614 2959 inanes
635 2896 875 2959 remitterentur
895 2897 1011 2978 prioris
1030 2927 1046 2964 c·

108 3003 302 3064 commeatus
339 2997 495 3080 expositis
533 2997 688 3073 militibus
718 3004 752 3062 et
782 3017 860 3080 quas
896 2997 1011 3062 labie·
1055 3029 1056 3032 ¹

108 3121 162 3166 nus
198 3098 366 3171 faciendas
405 3106 571 3164 curaverat
609 3120 743 3165 numero
782 3122 839 3180 nx,
874 3120 1011 3183 perpau-

109 3223 161 3269 cae
190 3203 300 3267 locum
328 3208 490 3285 caperent,
517 3203 660 3286 reliquae
685 3204 893 3268 reicerentur.
932 3224 1011 3286 quas
1027 3233 1044 3270 s

110 3324 178 3369 cum
206 3304 401 3387 aliquamdiu
425 3304 544 3369 Caesar
564 3305 682 3370 frustm
703 3311 937 3389 exspectasset,
969 3329 1011 3372 ne
1055 3346 1057 3350 ·

110 3406 181 3471 anni
213 3412 361 3490 tempore
396 3408 600 3491 navigatione
639 3409 880 3490 excluderetur,
925 3411 1010 3492 quod

158 3507 262 3547 caeseris
274 3506 363 3547 bellum
377 3507 500 3548 Gallicum.
805 3540 809 3546 .
839 3513 853 3555 ἰ
