2332 3892
289 779 329 853 O.
362 781 487 854 IULH
518 781 753 859 CAESARIS

368 933 677 999 conunurran
784 891 787 896 ’

211 1078 288 1160 DE
322 1079 519 1163 BBLLO
557 1083 832 1167 GALLIGO.

421 1397 565 1472 LIBER
591 1400 619 1471 I.

134 1563 161 1626 Ι.
195 1511 306 1626 Gallia
342 1573 390 1631 est
424 1569 525 1631 omnis
558 1567 658 1630 divisa
692 1568 724 1630 in
759 1575 866 1652 partes
899 1575 1006 1653 tres,r

68 1686 202 1749 quarum
233 1683 327 1728 unam
357 1663 499 1725 incolunt
526 1662 666 1744 Belgae,
696 1663 789 1724 aliam
811 1662 974 1761 Aquitani,

67 1768 211 1849 tertiam,
236 1767 288 1851 qui
310 1767 452 1849 ipsorum
475 1766 584 1848 lingua
608 1765 734 1847 Geltae,
758 1773 867 1829 nostra
891 1765 975 1828 Galli

69 1871 281 1954 appellantur.
327 1869 359 1932 hi
384 1889 495 1931 omnes
517 1869 638 1950 lingua,
662 1868 826 1950 institutis,
849 1870 974 1952 legibus
995 1895 1008 1936 a

69 1975 153 2037 inter
176 1995 209 2037 se
235 1973 395 2036 differunt.
435 1972 544 2035 Gallos
565 1972 603 2035 ab
618 1972 785 2056 Aquitanis
803 1971 973 2054 Garumna,

69 2098 90 2140 a
120 2076 230 2158 Belgis
266 2077 414 2138 Matrona
447 2083 479 2140 et
512 2076 657 2160 Sequana
692 2075 813 2139 dividit.
860 2076 974 2139 horum

71 2179 213 2241 omnium
236 2178 399 2241 fortissimi
423 2185 495 2240 sunt
520 2178 658 2260 Belgae,
688 2184 862 2261 propterea
888 2179 974 2262 quod
996 2204 1008 2242 a

70 2303 91 2344 a
120 2281 205 2343 cultu
236 2289 330 2366 atque
361 2282 556 2345 humanitate
579 2281 760 2365 provinciae
790 2280 973 2362 longissime

71 2383 186 2447 absunt
208 2387 400 2468 minimeque
424 2384 465 2446 ad
489 2404 544 2447 eos
566 2390 759 2447 mercatores
775 2405 870 2467 saepe
887 2404 973 2446 eom-

72 2494 180 2550 meant
210 2495 304 2572 atque
334 2508 387 2570 ea,
418 2509 498 2572 quae
528 2487 568 2550 ad
599 2486 829 2551 effeminandos
852 2487 974 2549 animos

72 2591 248 2674 pertinent,
276 2593 437 2675 inportant
459 2591 660 2674 proximique
693 2596 765 2651 sunt
798 2588 973 2669 Germanis,

72 2693 258 2777 quibuscum
291 2695 490 2758 continenter
520 2694 639 2757 bellurn
667 2698 791 2775 gerunt.
842 2712 904 2775 qua
933 2691 1008 2755 der

73 2816 170 2858 eausa
202 2797 344 2861 Helvetii
377 2817 502 2881 quoque
534 2796 673 2879 reliquos
711 2794 821 2857 Gallos
857 2796 973 2858 virtute

73 2899 286 2981 praecedunt,
319 2899 405 2983 quod
438 2899 504 2962 fere
541 2898 705 2961 cotidianis
739 2897 868 2980 proeliis
902 2918 973 2959 cum

75 3002 245 3063 Germanis
267 3001 472 3064 contendunt.
510 3022 548 3063 ea
570 3021 651 3083 pars,
675 3020 768 3083 quam
785 2999 894 3061 Gallos
919 3000 973 3063 ob·

74 3105 179 3166 tinere
204 3103 322 3166 dictum
345 3111 406 3184 est,
436 3104 560 3165 initium
590 3103 673 3186 capit
695 3124 713 3164 a
735 3103 862 3164 flumine
885 3102 974 3165 Rho·
997 3128 1009 3164 s

75 3205 178 3284 (lano,
202 3206 380 3268 continetur
409 3206 579 3286 Garumna,
604 3206 743 3286 Oceano,
765 3205 878 3268 finibus
899 3205 974 3268 Bel-

74 3329 205 3392 garum,
237 3309 363 3391 attingit
391 3310 485 3372 etiam
516 3308 554 3371 ab
578 3309 731 3391 Sequanis
760 3315 791 3371 et
818 3308 975 3372 Helvetiis

130 3409 232 3447 Caesaris
246 3410 333 3448 bellum
348 3410 466 3449 Gallicum.
808 3415 820 3460 1
