2332 3892
178 231 217 292 22
547 231 569 280 1.
597 231 710 281 ar-aa.

177 404 295 466 minem
321 424 390 467 esse
413 403 600 482 barbarum,
632 403 834 483 iracundum,
857 402 1080 465 temerarium:

142 521 242 568 14non
269 526 364 588 posse
397 505 463 567 eius
494 505 628 588 imperia
660 505 777 567 diutius
806 506 972 569 sustinere.
1022 506 1080 568 nisi

177 610 252 693 quid
275 611 308 672 in
332 610 469 674 Caesare
500 609 685 693 populoque
716 608 864 687 Romano
892 608 933 670 sit
962 609 1079 688 auxilii,

176 713 322 777 omnibus
347 712 447 777 Gallis
469 711 556 776 idem
580 733 650 777 esse
673 712 863 793 faciendum,
888 712 974 795 quod
1000 713 1079 775 Hel-

175 817 253 879 vetii
266 816 409 897 fecerint,
424 822 460 878 ut
476 815 573 879 domo
590 816 757 899 emigrent,
773 815 859 879 aliud
876 814 1080 898 domicilium,

175 920 252 982 alias
268 920 371 1001 sedes,
394 925 534 984 remotas
551 941 569 982 a
586 919 764 1000 Germanis,
779 923 891 1002 petant
905 918 1080 981 fortunam·

140 1045 165 1084 15
176 1043 247 1106 que,
258 1044 477 1106 quaecumque
489 1022 621 1105 accidat,
630 1023 844 1106 experiantur.
854 1020 934 1086 haee
945 1023 971 1085 si
981 1042 1080 1084 enun-

175 1125 252 1186 tiata
266 1124 429 1189 Ariovisto
445 1127 515 1208 sint,
539 1147 604 1189 non
620 1125 773 1207 dubitare,
787 1126 863 1209 quin
878 1124 918 1188 de
934 1126 1080 1189 omnibus

176 1227 346 1310 obsidibus,
369 1230 423 1313 qui
439 1229 524 1313 apud
540 1251 613 1294 eum
630 1230 702 1311 sint,
722 1229 942 1312 gravissimum
960 1229 1080 1313 suppli-

140 1331 380 1395 1ociumsumat.
399 1332 570 1396 Caesarem
580 1332 633 1397 vel
643 1333 830 1395 auctoritate
840 1350 897 1394 sua
907 1329 1081 1409 (exercitus

173 1435 294 1497 recenti
304 1434 450 1515 victoria)
462 1435 515 1499 vel
524 1435 654 1498 nomine
670 1434 780 1518 populi
791 1433 931 1496 Romani
945 1433 1080 1496 Galliam

175 1537 261 1599 omni
284 1537 323 1600 ab
346 1537 461 1600 inimic
482 1558 579 1622 posse
604 1533 799 1601 defendere}

141 1657 151 1695 ι
238 1639 382 1703 ΧΧΧΠ.
421 1641 493 1704 Hac
524 1642 668 1704 oratione
699 1641 738 1704 ab
776 1639 934 1703 Divitiaco
972 1640 1082 1703 habita

176 1763 305 1823 omnes,
338 1743 391 1828 qui
423 1743 574 1824 aderant,
609 1763 725 1825 magno
758 1743 835 1804 fletu
871 1742 1025 1804 auxilium
1063 1764 1081 1805 a

140 1861 153 1901 ²
177 1845 313 1909 Caesare
346 1852 467 1930 petere.
514 1847 737 1911 animadvertit
767 1845 886 1909 Caesar
914 1844 1080 1928 Sequanos

174 1948 253 2011 nihil
263 1970 371 2012 earum
382 1971 490 2013 rerum
502 1951 618 2033 faeere,
634 1950 692 2013 sed
704 1950 809 2012 tristes
823 1948 926 2030 capite
942 1948 1078 2012 demisso

140 2068 153 2106 ³
174 2058 293 2115 terram
314 2053 440 2116 intueri.
479 2040 548 2117 eius
563 2054 610 2117 rei
625 2073 706 2137 quae
723 2072 817 2115 causa
832 2056 926 2130 esset,
949 2051 1079 2114 miratus

176 2156 320 2238 quaesiit.
357 2154 436 2218 nihil
454 2155 593 2239 Sequani
615 2153 822 2239 respondere,
846 2153 903 2218 sed
918 2154 951 2216 in
966 2154 1080 2218 eadem

175 2257 302 2321 tristitia
323 2258 410 2321 taciti
432 2278 631 2342 permanere.
668 2279 740 2320 oum
762 2255 888 2340 saepius
913 2263 1080 2339 quaereret

175 2382 280 2445 neque
309 2361 407 2424 ullam
437 2363 567 2424 omnino
597 2381 710 2424 vocem
743 2360 922 2442 exprimere
960 2365 1079 2442 posset,

140 2490 153 2528 4
176 2464 262 2526 idem
283 2463 461 2527 Divitiacus
483 2461 665 2546 respondit:
691 2461 763 2544 ,hoo
786 2482 855 2525 esse
879 2462 1080 2526 miseriorem

176 2572 209 2631 et
238 2567 419 2650 graviorem
448 2567 608 2629 fortunam
631 2565 851 2648 Sequanorum
882 2586 977 2647 quam
1005 2567 1078 2629 reli·

176 2691 327 2754 quorum,
357 2670 444 2755 quod
472 2671 532 2734 soli
560 2691 600 2734 ne
633 2670 666 2732 in
690 2669 814 2733 occulto
838 2668 966 2752 quidem
990 2670 1079 2753 queri

176 2774 332 2838 auderent
348 2774 549 2858 absentisque
565 2772 721 2835 Ariovisti
737 2771 968 2853 crudelitatem,
991 2772 1080 2835 velut

141 2900 154 2938 s
176 2875 202 2937 si
225 2895 333 2938 coram
349 2876 486 2956 adesset,
508 2875 686 2956 horrerent,
708 2881 880 2959 propterea
896 2876 982 2958 quod
1005 2877 1078 2939 reli-

176 2976 245 3060 quis
274 2976 369 3060 fugae
392 2978 525 3041 facultas
549 2977 694 3057 daretur,
724 2975 877 3059 Sequanis
900 2996 993 3057 vero,
1025 2978 1078 3060 qui

175 3080 258 3142 intra
280 3081 359 3144 fines
381 3102 456 3144 suos
486 3080 685 3143 Ariovistum
706 3079 919 3162 recepissent,
944 3099 1078 3162 quorum

177 3181 294 3265 oppida
324 3185 429 3248 omnia
457 3184 490 3247 in
522 3188 681 3267 potestate
716 3183 783 3246 eius
813 3187 935 3263 essent,
968 3203 1079 3248 omnes

177 3287 333 3349 cruciatus
356 3293 462 3352 essent
484 3286 687 3370 perferendi}

143 3413 154 3452 r
240 3388 403 3454 XXXIII.
434 3390 739 3454 Caesareanorum
764 3390 886 3454 animos
911 3391 1077 3455 confirma-
