<?xml version="1.0" encoding="UTF-8"?>
<!DOCTYPE html PUBLIC "-//W3C//DTD XHTML 1.0 Transitional//EN"
    "http://www.w3.org/TR/xhtml1/DTD/xhtml1-transitional.dtd">
<html xmlns="http://www.w3.org/1999/xhtml" xml:lang="en" lang="en">
 <head>
  <title>
</title>
<meta http-equiv="Content-Type" content="text/html;charset=utf-8" />
  <meta name='ocr-system' content='tesseract 3.04.00' />
  <meta name='ocr-capabilities' content='ocr_page ocr_carea ocr_par ocr_line ocrx_word'/>
</head>
<body>
  <div class='ocr_page' id='page_1' title='image "./ciuliicaesarisc00gitlgoog_0074.png"; bbox 0 0 2332 3892; ppageno 0'>
   <div class='ocr_carea' id='block_1_1' title="bbox 490 779 726 852">
    <p class='ocr_par' dir='ltr' id='par_1_1' title="bbox 490 779 726 852">
     <span class='ocr_line' id='line_1_1' title="bbox 490 779 726 852; baseline -0.004 -2"><span class='ocrx_word' id='word_1_1' title='bbox 490 779 635 852; x_wconf 82' lang='lat' dir='ltr'>LIBER</span> <span class='ocrx_word' id='word_1_2' title='bbox 661 779 726 851; x_wconf 91' lang='grc' dir='ltr'><strong>ΙΙΙ.</strong></span> 
     </span>
    </p>
   </div>
   <div class='ocr_carea' id='block_1_2' title="bbox 122 946 1061 1035">
    <p class='ocr_par' dir='ltr' id='par_1_2' title="bbox 122 946 1061 1035">
     <span class='ocr_line' id='line_1_2' title="bbox 122 946 1061 1035; baseline 0.003 -25"><span class='ocrx_word' id='word_1_3' title='bbox 122 971 134 1010; x_wconf 93' lang='lat'>1</span> <span class='ocrx_word' id='word_1_4' title='bbox 221 949 248 1013; x_wconf 93' lang='lat' dir='ltr'>I.</span> <span class='ocrx_word' id='word_1_5' title='bbox 290 949 372 1013; x_wconf 76' lang='lat' dir='ltr'>(lum</span> <span class='ocrx_word' id='word_1_6' title='bbox 410 951 442 1013; x_wconf 92' lang='lat' dir='ltr'>in</span> <span class='ocrx_word' id='word_1_7' title='bbox 482 948 609 1013; x_wconf 89' lang='lat' dir='ltr'>Italiam</span> <span class='ocrx_word' id='word_1_8' title='bbox 646 946 902 1032; x_wconf 88' lang='lat' dir='ltr'>proficisceretur</span> <span class='ocrx_word' id='word_1_9' title='bbox 934 948 1061 1035; x_wconf 77' lang='lat' dir='ltr'>(laesor,</span> 
     </span>
    </p>
   </div>
   <div class='ocr_carea' id='block_1_3' title="bbox 14 1050 1062 1136">
    <p class='ocr_par' dir='ltr' id='par_1_3' title="bbox 14 1050 1062 1136">
     <span class='ocr_line' id='line_1_3' title="bbox 14 1050 1062 1136; baseline 0 -20"><span class='ocrx_word' id='word_1_10' title='bbox 14 1117 21 1130; x_wconf 69' lang='lat'>‚</span> <span class='ocrx_word' id='word_1_11' title='bbox 139 1051 224 1116; x_wconf 75' lang='lat' dir='ltr'>Ser.</span> <span class='ocrx_word' id='word_1_12' title='bbox 250 1050 385 1116; x_wconf 80' lang='lat' dir='ltr'>Galbam</span> <span class='ocrx_word' id='word_1_13' title='bbox 415 1073 487 1117; x_wconf 91' lang='lat' dir='ltr'>cum</span> <span class='ocrx_word' id='word_1_14' title='bbox 518 1053 648 1136; x_wconf 82' lang='lat' dir='ltr'>legione</span> <span class='ocrx_word' id='word_1_15' title='bbox 669 1076 714 1116; x_wconf 86' lang='lat' dir='ltr'>xu</span> <span class='ocrx_word' id='word_1_16' title='bbox 736 1058 768 1115; x_wconf 91' lang='lat' dir='ltr'>et</span> <span class='ocrx_word' id='word_1_17' title='bbox 790 1058 881 1136; x_wconf 88' lang='lat' dir='ltr'>parte</span> <span class='ocrx_word' id='word_1_18' title='bbox 903 1052 1062 1135; x_wconf 81' lang='lat' dir='ltr'>equitatus</span> 
     </span>
    </p>
   </div>
   <div class='ocr_carea' id='block_1_4' title="bbox 109 1155 1084 3403">
    <p class='ocr_par' dir='ltr' id='par_1_4' title="bbox 143 1155 1063 1342">
     <span class='ocr_line' id='line_1_4' title="bbox 143 1155 1063 1240; baseline 0 -22"><span class='ocrx_word' id='word_1_19' title='bbox 143 1155 189 1219; x_wconf 51' lang='lat' dir='ltr'>¹in</span> <span class='ocrx_word' id='word_1_20' title='bbox 216 1155 410 1239; x_wconf 82' lang='lat' dir='ltr'>Nantuates,</span> <span class='ocrx_word' id='word_1_21' title='bbox 442 1156 606 1239; x_wconf 81' lang='lat' dir='ltr'>Veragros</span> <span class='ocrx_word' id='word_1_22' title='bbox 637 1155 847 1239; x_wconf 80' lang='lat' dir='ltr'>Sedunosque</span> <span class='ocrx_word' id='word_1_23' title='bbox 877 1156 978 1236; x_wconf 87' lang='lat' dir='ltr'>misit,</span> <span class='ocrx_word' id='word_1_24' title='bbox 1009 1157 1063 1240; x_wconf 92' lang='lat' dir='ltr'>qui</span> 
     </span>
     <span class='ocr_line' id='line_1_5' title="bbox 157 1258 1061 1342; baseline 0.006 -23"><span class='ocrx_word' id='word_1_25' title='bbox 157 1258 195 1320; x_wconf 89' lang='lat' dir='ltr'>ab</span> <span class='ocrx_word' id='word_1_26' title='bbox 211 1258 325 1322; x_wconf 88' lang='lat' dir='ltr'>finibus</span> <span class='ocrx_word' id='word_1_27' title='bbox 340 1259 554 1342; x_wconf 82' lang='lat' dir='ltr'>Allobrogum</span> <span class='ocrx_word' id='word_1_28' title='bbox 570 1266 602 1323; x_wconf 90' lang='lat' dir='ltr'>et</span> <span class='ocrx_word' id='word_1_29' title='bbox 616 1261 688 1322; x_wconf 88' lang='lat' dir='ltr'>lacu</span> <span class='ocrx_word' id='word_1_30' title='bbox 704 1259 868 1323; x_wconf 89' lang='lat' dir='ltr'>Lemanno</span> <span class='ocrx_word' id='word_1_31' title='bbox 886 1265 919 1323; x_wconf 92' lang='lat' dir='ltr'>et</span> <span class='ocrx_word' id='word_1_32' title='bbox 933 1259 1061 1324; x_wconf 90' lang='lat' dir='ltr'>flumine</span> 
     </span>
    </p>

    <p class='ocr_par' dir='ltr' id='par_1_5' title="bbox 122 1362 1061 1655">
     <span class='ocr_line' id='line_1_6' title="bbox 122 1362 1061 1448; baseline -0.002 -20"><span class='ocrx_word' id='word_1_33' title='bbox 122 1390 134 1428; x_wconf 79' lang='lat' dir='ltr'>a</span> <span class='ocrx_word' id='word_1_34' title='bbox 155 1362 316 1427; x_wconf 84' lang='lat' dir='ltr'>Rhodano</span> <span class='ocrx_word' id='word_1_35' title='bbox 340 1364 381 1426; x_wconf 85' lang='lat' dir='ltr'>ad</span> <span class='ocrx_word' id='word_1_36' title='bbox 397 1385 536 1427; x_wconf 86' lang='lat' dir='ltr'>summas</span> <span class='ocrx_word' id='word_1_37' title='bbox 551 1362 652 1448; x_wconf 87' lang='lat' dir='ltr'>Alpes</span> <span class='ocrx_word' id='word_1_38' title='bbox 669 1365 839 1447; x_wconf 86' lang='lat' dir='ltr'>pertinent.</span> <span class='ocrx_word' id='word_1_39' title='bbox 879 1384 974 1427; x_wconf 86' lang='lat' dir='ltr'>causa</span> <span class='ocrx_word' id='word_1_40' title='bbox 989 1364 1061 1426; x_wconf 93' lang='lat' dir='ltr'>mit-</span> 
     </span>
     <span class='ocr_line' id='line_1_7' title="bbox 154 1453 1061 1551; baseline -0.002 -20"><span class='ocrx_word' id='word_1_41' title='bbox 154 1467 245 1531; x_wconf 91' lang='lat' dir='ltr'>tendi</span> <span class='ocrx_word' id='word_1_42' title='bbox 267 1468 334 1549; x_wconf 89' lang='lat' dir='ltr'>fuit,</span> <span class='ocrx_word' id='word_1_43' title='bbox 359 1467 446 1550; x_wconf 91' lang='lat' dir='ltr'>quod</span> <span class='ocrx_word' id='word_1_44' title='bbox 467 1468 529 1531; x_wconf 91' lang='lat' dir='ltr'>iter</span> <span class='ocrx_word' id='word_1_45' title='bbox 549 1488 608 1551; x_wconf 92' lang='lat' dir='ltr'>per</span> <span class='ocrx_word' id='word_1_46' title='bbox 617 1459 734 1550; x_wconf 74' lang='lat' dir='ltr'>Alpes,</span> <span class='ocrx_word' id='word_1_47' title='bbox 758 1453 820 1550; x_wconf 86' lang='lat' dir='ltr'>quo</span> <span class='ocrx_word' id='word_1_48' title='bbox 842 1487 960 1549; x_wconf 88' lang='lat' dir='ltr'>magno</span> <span class='ocrx_word' id='word_1_49' title='bbox 976 1467 1061 1551; x_wconf 85' lang='lat' dir='ltr'>peri-</span> 
     </span>
     <span class='ocr_line' id='line_1_8' title="bbox 156 1570 1061 1655; baseline 0.001 -21"><span class='ocrx_word' id='word_1_50' title='bbox 156 1570 227 1635; x_wconf 91' lang='lat' dir='ltr'>culo</span> <span class='ocrx_word' id='word_1_51' title='bbox 260 1571 455 1655; x_wconf 86' lang='lat' dir='ltr'>magnisque</span> <span class='ocrx_word' id='word_1_52' title='bbox 486 1591 558 1633; x_wconf 91' lang='lat' dir='ltr'>cum</span> <span class='ocrx_word' id='word_1_53' title='bbox 595 1571 746 1654; x_wconf 90' lang='lat' dir='ltr'>portoriis</span> <span class='ocrx_word' id='word_1_54' title='bbox 783 1576 981 1635; x_wconf 77' lang='lat' dir='ltr'>mercatores</span> <span class='ocrx_word' id='word_1_55' title='bbox 1016 1571 1061 1635; x_wconf 89' lang='lat' dir='ltr'>ire</span> 
     </span>
    </p>

    <p class='ocr_par' dir='ltr' id='par_1_6' title="bbox 122 1673 1061 1860">
     <span class='ocr_line' id='line_1_9' title="bbox 122 1673 1061 1759; baseline 0.001 -23"><span class='ocrx_word' id='word_1_56' title='bbox 122 1680 363 1756; x_wconf 86' lang='lat' dir='ltr'>aconsuerent,</span> <span class='ocrx_word' id='word_1_57' title='bbox 395 1673 539 1759; x_wconf 88' lang='lat' dir='ltr'>patefieri</span> <span class='ocrx_word' id='word_1_58' title='bbox 562 1673 701 1738; x_wconf 80' lang='lat' dir='ltr'>volebat.</span> <span class='ocrx_word' id='word_1_59' title='bbox 738 1673 901 1757; x_wconf 84' lang='lat' dir='ltr'>permisit,</span> <span class='ocrx_word' id='word_1_60' title='bbox 931 1675 958 1736; x_wconf 86' lang='lat' dir='ltr'>si</span> <span class='ocrx_word' id='word_1_61' title='bbox 983 1694 1061 1757; x_wconf 91' lang='lat' dir='ltr'>opus</span> 
     </span>
     <span class='ocr_line' id='line_1_10' title="bbox 157 1777 1059 1860; baseline 0 -18"><span class='ocrx_word' id='word_1_62' title='bbox 157 1798 226 1843; x_wconf 89' lang='lat' dir='ltr'>esse</span> <span class='ocrx_word' id='word_1_63' title='bbox 250 1779 467 1860; x_wconf 83' lang='lat' dir='ltr'>arbitraretur,</span> <span class='ocrx_word' id='word_1_64' title='bbox 489 1777 537 1840; x_wconf 93' lang='lat' dir='ltr'>uti</span> <span class='ocrx_word' id='word_1_65' title='bbox 559 1777 591 1840; x_wconf 91' lang='lat' dir='ltr'>in</span> <span class='ocrx_word' id='word_1_66' title='bbox 607 1778 655 1840; x_wconf 88' lang='lat' dir='ltr'>his</span> <span class='ocrx_word' id='word_1_67' title='bbox 671 1778 750 1840; x_wconf 88' lang='lat' dir='ltr'>locis</span> <span class='ocrx_word' id='word_1_68' title='bbox 770 1778 933 1860; x_wconf 89' lang='lat' dir='ltr'>legionem</span> <span class='ocrx_word' id='word_1_69' title='bbox 950 1779 1059 1842; x_wconf 88' lang='lat' dir='ltr'>conlo·</span> 
     </span>
    </p>

    <p class='ocr_par' dir='ltr' id='par_1_7' title="bbox 109 1879 1084 2385">
     <span class='ocr_line' id='line_1_11' title="bbox 109 1879 1061 1964; baseline 0.004 -22"><span class='ocrx_word' id='word_1_70' title='bbox 109 1902 135 1942; x_wconf 68' lang='lat' dir='ltr'>c</span> <span class='ocrx_word' id='word_1_71' title='bbox 157 1887 253 1946; x_wconf 86' lang='lat' dir='ltr'>caret.</span> <span class='ocrx_word' id='word_1_72' title='bbox 301 1881 422 1964; x_wconf 79' lang='lat' dir='ltr'>Galba,</span> <span class='ocrx_word' id='word_1_73' title='bbox 460 1879 609 1945; x_wconf 77' lang='lat' dir='ltr'>secundis</span> <span class='ocrx_word' id='word_1_74' title='bbox 647 1881 768 1964; x_wconf 89' lang='lat' dir='ltr'>aliquot</span> <span class='ocrx_word' id='word_1_75' title='bbox 804 1881 935 1964; x_wconf 86' lang='lat' dir='ltr'>proeliis</span> <span class='ocrx_word' id='word_1_76' title='bbox 971 1882 1061 1946; x_wconf 87' lang='lat' dir='ltr'>factis</span> 
     </span>
     <span class='ocr_line' id='line_1_12' title="bbox 156 1984 1060 2068; baseline 0 -20"><span class='ocrx_word' id='word_1_77' title='bbox 156 1984 359 2068; x_wconf 82' lang='lat' dir='ltr'>castellisque</span> <span class='ocrx_word' id='word_1_78' title='bbox 383 1984 600 2068; x_wconf 81' lang='lat' dir='ltr'>compluribus</span> <span class='ocrx_word' id='word_1_79' title='bbox 625 1984 826 2068; x_wconf 85' lang='lat' dir='ltr'>expugnatis,</span> <span class='ocrx_word' id='word_1_80' title='bbox 848 1985 953 2047; x_wconf 86' lang='lat' dir='ltr'>missis</span> <span class='ocrx_word' id='word_1_81' title='bbox 968 1986 1060 2049; x_wconf 87' lang='lat' dir='ltr'>undi-</span> 
     </span>
     <span class='ocr_line' id='line_1_13' title="bbox 145 2087 1061 2172; baseline 0.003 -21"><span class='ocrx_word' id='word_1_82' title='bbox 145 2109 217 2172; x_wconf 86' lang='lat' dir='ltr'>¹que</span> <span class='ocrx_word' id='word_1_83' title='bbox 240 2087 355 2171; x_wconf 89' lang='lat' dir='ltr'>legatis</span> <span class='ocrx_word' id='word_1_84' title='bbox 379 2087 604 2171; x_wconf 89' lang='lat' dir='ltr'>obsidibusque</span> <span class='ocrx_word' id='word_1_85' title='bbox 629 2087 710 2150; x_wconf 89' lang='lat' dir='ltr'>datis</span> <span class='ocrx_word' id='word_1_86' title='bbox 734 2087 897 2150; x_wconf 89' lang='lat' dir='ltr'>constituit</span> <span class='ocrx_word' id='word_1_87' title='bbox 914 2088 1061 2154; x_wconf 88' lang='lat' dir='ltr'>cohortes</span> 
     </span>
     <span class='ocr_line' id='line_1_14' title="bbox 144 2176 1060 2275; baseline -0.001 -20"><span class='ocrx_word' id='word_1_88' title='bbox 144 2176 235 2256; x_wconf 41' lang='lat' dir='ltr'>&#39;duas</span> <span class='ocrx_word' id='word_1_89' title='bbox 256 2194 290 2255; x_wconf 92' lang='lat' dir='ltr'>in</span> <span class='ocrx_word' id='word_1_90' title='bbox 312 2192 526 2256; x_wconf 86' lang='lat' dir='ltr'>Nantuatibus</span> <span class='ocrx_word' id='word_1_91' title='bbox 550 2192 719 2254; x_wconf 90' lang='lat' dir='ltr'>conlocare</span> <span class='ocrx_word' id='word_1_92' title='bbox 744 2197 776 2254; x_wconf 88' lang='lat' dir='ltr'>et</span> <span class='ocrx_word' id='word_1_93' title='bbox 801 2191 870 2275; x_wconf 88' lang='lat' dir='ltr'>ipse</span> <span class='ocrx_word' id='word_1_94' title='bbox 891 2212 962 2253; x_wconf 89' lang='lat' dir='ltr'>cum</span> <span class='ocrx_word' id='word_1_95' title='bbox 987 2191 1060 2255; x_wconf 88' lang='lat' dir='ltr'>reli·</span> 
     </span>
     <span class='ocr_line' id='line_1_15' title="bbox 156 2293 1084 2385; baseline -0.003 -26"><span class='ocrx_word' id='word_1_96' title='bbox 156 2297 226 2379; x_wconf 93' lang='lat' dir='ltr'>quis</span> <span class='ocrx_word' id='word_1_97' title='bbox 255 2297 288 2358; x_wconf 92' lang='lat' dir='ltr'>in</span> <span class='ocrx_word' id='word_1_98' title='bbox 310 2295 380 2358; x_wconf 85' lang='lat' dir='ltr'>vico</span> <span class='ocrx_word' id='word_1_99' title='bbox 404 2293 643 2375; x_wconf 85' lang='lat' dir='ltr'>Veragrorum,</span> <span class='ocrx_word' id='word_1_100' title='bbox 677 2294 730 2377; x_wconf 88' lang='lat' dir='ltr'>qui</span> <span class='ocrx_word' id='word_1_101' title='bbox 760 2293 939 2377; x_wconf 88' lang='lat' dir='ltr'>appellatur</span> <span class='ocrx_word' id='word_1_102' title='bbox 963 2293 1084 2385; x_wconf 27' lang='lat' dir='ltr'>Octo--</span> 
     </span>
    </p>

    <p class='ocr_par' dir='ltr' id='par_1_8' title="bbox 121 2398 1061 2584">
     <span class='ocr_line' id='line_1_16' title="bbox 121 2398 1061 2481; baseline 0.001 -21"><span class='ocrx_word' id='word_1_103' title='bbox 121 2423 134 2460; x_wconf 85' lang='lat' dir='ltr'>s</span> <span class='ocrx_word' id='word_1_104' title='bbox 158 2398 270 2479; x_wconf 91' lang='lat' dir='ltr'>durus,</span> <span class='ocrx_word' id='word_1_105' title='bbox 293 2398 446 2463; x_wconf 89' lang='lat' dir='ltr'>hiemare.</span> <span class='ocrx_word' id='word_1_106' title='bbox 485 2399 649 2481; x_wconf 80' lang='lat' dir='ltr'>quiricus</span> <span class='ocrx_word' id='word_1_107' title='bbox 671 2399 794 2481; x_wconf 87' lang='lat' dir='ltr'>positus</span> <span class='ocrx_word' id='word_1_108' title='bbox 816 2400 846 2460; x_wconf 90' lang='lat' dir='ltr'>in</span> <span class='ocrx_word' id='word_1_109' title='bbox 870 2399 974 2480; x_wconf 87' lang='lat' dir='ltr'>valle,</span> <span class='ocrx_word' id='word_1_110' title='bbox 997 2418 1061 2461; x_wconf 91' lang='lat' dir='ltr'>non</span> 
     </span>
     <span class='ocr_line' id='line_1_17' title="bbox 149 2489 1060 2584; baseline 0.002 -21"><span class='ocrx_word' id='word_1_111' title='bbox 149 2489 273 2583; x_wconf 50' lang='lat' dir='ltr'>¹magna</span> <span class='ocrx_word' id='word_1_112' title='bbox 295 2500 420 2565; x_wconf 86' lang='lat' dir='ltr'>adiecta</span> <span class='ocrx_word' id='word_1_113' title='bbox 442 2502 589 2584; x_wconf 86' lang='lat' dir='ltr'>planicie,</span> <span class='ocrx_word' id='word_1_114' title='bbox 614 2501 773 2565; x_wconf 87' lang='lat' dir='ltr'>altissimis</span> <span class='ocrx_word' id='word_1_115' title='bbox 791 2502 954 2564; x_wconf 84' lang='lat' dir='ltr'>montibus</span> <span class='ocrx_word' id='word_1_116' title='bbox 967 2502 1060 2565; x_wconf 91' lang='lat' dir='ltr'>undi-</span> 
     </span>
    </p>

    <p class='ocr_par' dir='ltr' id='par_1_9' title="bbox 121 2603 1060 2894">
     <span class='ocr_line' id='line_1_18' title="bbox 121 2603 1060 2689; baseline 0 -23"><span class='ocrx_word' id='word_1_117' title='bbox 121 2624 235 2687; x_wconf 65' lang='lat' dir='ltr'>sque,</span> <span class='ocrx_word' id='word_1_118' title='bbox 267 2624 338 2666; x_wconf 92' lang='lat' dir='ltr'>cum</span> <span class='ocrx_word' id='word_1_119' title='bbox 370 2605 403 2666; x_wconf 92' lang='lat' dir='ltr'>in</span> <span class='ocrx_word' id='word_1_120' title='bbox 439 2603 516 2667; x_wconf 89' lang='lat' dir='ltr'>duas</span> <span class='ocrx_word' id='word_1_121' title='bbox 548 2610 657 2689; x_wconf 88' lang='lat' dir='ltr'>partes</span> <span class='ocrx_word' id='word_1_122' title='bbox 690 2605 820 2668; x_wconf 92' lang='lat' dir='ltr'>flumine</span> <span class='ocrx_word' id='word_1_123' title='bbox 854 2603 1060 2686; x_wconf 90' lang='lat' dir='ltr'>divideretur,</span> 
     </span>
     <span class='ocr_line' id='line_1_19' title="bbox 155 2706 1060 2789; baseline 0.001 -20"><span class='ocrx_word' id='word_1_124' title='bbox 155 2707 289 2770; x_wconf 87' lang='lat' dir='ltr'>alteram</span> <span class='ocrx_word' id='word_1_125' title='bbox 313 2707 413 2770; x_wconf 76' lang='lat' dir='ltr'>Gallis</span> <span class='ocrx_word' id='word_1_126' title='bbox 437 2708 610 2789; x_wconf 87' lang='lat' dir='ltr'>concessit,</span> <span class='ocrx_word' id='word_1_127' title='bbox 634 2706 767 2772; x_wconf 87' lang='lat' dir='ltr'>alteram</span> <span class='ocrx_word' id='word_1_128' title='bbox 790 2729 923 2770; x_wconf 89' lang='lat' dir='ltr'>vacuam</span> <span class='ocrx_word' id='word_1_129' title='bbox 946 2708 1060 2772; x_wconf 88' lang='lat' dir='ltr'>cohor·</span> 
     </span>
     <span class='ocr_line' id='line_1_20' title="bbox 154 2807 862 2894; baseline 0.003 -22"><span class='ocrx_word' id='word_1_130' title='bbox 154 2811 240 2874; x_wconf 90' lang='lat' dir='ltr'>tibus</span> <span class='ocrx_word' id='word_1_131' title='bbox 260 2807 415 2893; x_wconf 84' lang='lat' dir='ltr'>attribuit,</span> <span class='ocrx_word' id='word_1_132' title='bbox 439 2811 523 2874; x_wconf 86' lang='lat' dir='ltr'>vallo</span> <span class='ocrx_word' id='word_1_133' title='bbox 547 2810 695 2894; x_wconf 86' lang='lat' dir='ltr'>fossaque</span> <span class='ocrx_word' id='word_1_134' title='bbox 718 2810 862 2874; x_wconf 87' lang='lat' dir='ltr'>munivit.</span> 
     </span>
    </p>

    <p class='ocr_par' dir='ltr' id='par_1_10' title="bbox 121 2911 1061 3403">
     <span class='ocr_line' id='line_1_21' title="bbox 121 2911 1059 2998; baseline 0.004 -24"><span class='ocrx_word' id='word_1_135' title='bbox 121 2943 133 2981; x_wconf 84' lang='lat'>1</span> <span class='ocrx_word' id='word_1_136' title='bbox 220 2913 263 2975; x_wconf 90' lang='lat' dir='ltr'>H.</span> <span class='ocrx_word' id='word_1_137' title='bbox 299 2911 380 2975; x_wconf 78' lang='lat' dir='ltr'>Cum</span> <span class='ocrx_word' id='word_1_138' title='bbox 405 2913 473 2977; x_wconf 90' lang='lat' dir='ltr'>dies</span> <span class='ocrx_word' id='word_1_139' title='bbox 495 2915 677 2998; x_wconf 90' lang='lat' dir='ltr'>complures</span> <span class='ocrx_word' id='word_1_140' title='bbox 700 2915 897 2995; x_wconf 88' lang='lat' dir='ltr'>transissent,</span> <span class='ocrx_word' id='word_1_141' title='bbox 919 2912 1059 2978; x_wconf 86' lang='lat' dir='ltr'>frumen·</span> 
     </span>
     <span class='ocr_line' id='line_1_22' title="bbox 155 3017 1060 3099; baseline 0.002 -21"><span class='ocrx_word' id='word_1_142' title='bbox 155 3020 224 3078; x_wconf 89' lang='lat' dir='ltr'>tum</span> <span class='ocrx_word' id='word_1_143' title='bbox 256 3017 450 3099; x_wconf 87' lang='lat' dir='ltr'>comportari</span> <span class='ocrx_word' id='word_1_144' title='bbox 478 3018 638 3098; x_wconf 91' lang='lat' dir='ltr'>iussisset,</span> <span class='ocrx_word' id='word_1_145' title='bbox 672 3018 776 3081; x_wconf 92' lang='lat' dir='ltr'>subito</span> <span class='ocrx_word' id='word_1_146' title='bbox 812 3018 929 3081; x_wconf 89' lang='lat' dir='ltr'>certior</span> <span class='ocrx_word' id='word_1_147' title='bbox 959 3018 1060 3081; x_wconf 90' lang='lat' dir='ltr'>factus</span> 
     </span>
     <span class='ocr_line' id='line_1_23' title="bbox 157 3110 1059 3204; baseline 0.001 -23"><span class='ocrx_word' id='word_1_148' title='bbox 157 3123 205 3181; x_wconf 92' lang='lat' dir='ltr'>est</span> <span class='ocrx_word' id='word_1_149' title='bbox 237 3138 278 3181; x_wconf 89' lang='lat' dir='ltr'>ex</span> <span class='ocrx_word' id='word_1_150' title='bbox 311 3139 350 3181; x_wconf 87' lang='lat' dir='ltr'>ea</span> <span class='ocrx_word' id='word_1_151' title='bbox 377 3125 468 3202; x_wconf 87' lang='lat' dir='ltr'>parte</span> <span class='ocrx_word' id='word_1_152' title='bbox 497 3110 572 3200; x_wconf 76' lang='lat' dir='ltr'>rici,</span> <span class='ocrx_word' id='word_1_153' title='bbox 601 3141 696 3204; x_wconf 88' lang='lat' dir='ltr'>quam</span> <span class='ocrx_word' id='word_1_154' title='bbox 720 3120 821 3184; x_wconf 81' lang='lat' dir='ltr'>Gallis</span> <span class='ocrx_word' id='word_1_155' title='bbox 849 3126 1059 3202; x_wconf 85' lang='lat' dir='ltr'>concesserat,</span> 
     </span>
     <span class='ocr_line' id='line_1_24' title="bbox 148 3222 1059 3309; baseline 0.008 -27"><span class='ocrx_word' id='word_1_156' title='bbox 148 3241 269 3283; x_wconf 50' lang='lat' dir='ltr'>&gt;omnes</span> <span class='ocrx_word' id='word_1_157' title='bbox 290 3226 390 3284; x_wconf 89' lang='lat' dir='ltr'>noctu</span> <span class='ocrx_word' id='word_1_158' title='bbox 419 3222 600 3286; x_wconf 89' lang='lat' dir='ltr'>discessisse</span> <span class='ocrx_word' id='word_1_159' title='bbox 632 3229 835 3307; x_wconf 89' lang='lat' dir='ltr'>montesque,</span> <span class='ocrx_word' id='word_1_160' title='bbox 866 3225 920 3306; x_wconf 90' lang='lat' dir='ltr'>qui</span> <span class='ocrx_word' id='word_1_161' title='bbox 946 3225 1059 3309; x_wconf 89' lang='lat' dir='ltr'>inpen-</span> 
     </span>
     <span class='ocr_line' id='line_1_25' title="bbox 150 3320 1061 3403; baseline 0.004 -19"><span class='ocrx_word' id='word_1_162' title='bbox 150 3320 289 3403; x_wconf 88' lang='lat' dir='ltr'>derent,</span> <span class='ocrx_word' id='word_1_163' title='bbox 327 3344 346 3385; x_wconf 89' lang='lat' dir='ltr'>a</span> <span class='ocrx_word' id='word_1_164' title='bbox 377 3325 519 3388; x_wconf 84' lang='lat' dir='ltr'>maxima</span> <span class='ocrx_word' id='word_1_165' title='bbox 554 3326 757 3390; x_wconf 85' lang='lat' dir='ltr'>multitudine</span> <span class='ocrx_word' id='word_1_166' title='bbox 791 3326 994 3389; x_wconf 81' lang='lat' dir='ltr'>Sedunorum</span> <span class='ocrx_word' id='word_1_167' title='bbox 1029 3331 1061 3391; x_wconf 91' lang='lat' dir='ltr'>et</span> 
     </span>
    </p>
   </div>
   <div class='ocr_carea' id='block_1_5' title="bbox 0 0 1170 3892">
    <p class='ocr_par' dir='ltr' id='par_1_11' title="bbox 0 0 1170 3892">
     <span class='ocr_line' id='line_1_26' title="bbox 0 0 1170 3892; baseline 0 0"><span class='ocrx_word' id='word_1_168' title='bbox 0 0 1170 3892; x_wconf 95' lang='lat' dir='ltr'> </span> 
     </span>
    </p>
   </div>
  </div>
 </body>
</html>
