2332 3892
158 272 176 332 6
538 271 560 322 Ι.
591 273 684 322 8—10.

157 463 282 506 murum
299 443 332 505 in
354 443 554 507 altitudinem
577 444 697 527 pedum
720 444 861 508 sedecim
883 445 1065 526 fossamque

122 547 313 631 aperdueit.
359 568 398 611 eo
431 568 528 631 opere
554 547 697 630 perfecto
729 546 888 631 praesidia
916 546 1064 629 disponit,

157 651 288 713 castella
307 651 491 733 communit,
515 671 577 734 quo
593 651 726 733 facilius,
751 652 777 714 si
795 673 829 715 se
846 651 945 714 invito
962 656 1063 713 trans-

121 754 203 816 sire
229 761 437 837 conarentur,
459 754 661 842 prohiberet,
700 755 756 817 ubi
788 775 827 817 ea
858 753 941 834 dies,
970 774 1064 835 quam

121 915 127 927 .
158 861 375 941 constituerat,
398 860 485 924 venit
509 865 542 922 et
561 859 660 942 legati
686 857 728 921 ad
752 879 825 922 eum
853 862 1063 935 reverterunt,

157 969 255 1046 negat
274 983 308 1026 se
330 983 419 1026 more
443 968 476 1026 et
499 963 648 1046 exemplo
674 962 786 1046 populi
809 960 947 1023 Romani
969 980 1063 1043 posse

158 1065 218 1128 iter
249 1065 306 1127 ulli
341 1087 398 1149 per
433 1066 630 1148 provinciam
664 1066 756 1129 dare:
792 1065 828 1146 ,si
859 1065 922 1127 vim
959 1064 1063 1127 faeere

122 1191 134 1228 4
158 1173 323 1249 conentur,
347 1165 602 1251 prohibiturum‘
638 1167 782 1232 Helvetii
806 1187 845 1231 ea
868 1185 924 1248 spe
948 1165 1065 1228 deiecti

156 1272 289 1335 navibus
311 1272 426 1334 iunctis
448 1273 632 1355 ratibusque
650 1270 875 1354 compluribus,
899 1269 952 1331 alii
975 1268 1065 1331 vadis

156 1375 307 1439 Rhodani
328 1396 566 1459 nonnumquam
589 1374 746 1455 interdiu,
770 1373 895 1456 saepius
919 1379 1016 1435 noctu
1039 1373 1065 1434 si

156 1500 364 1563 perrumpere
390 1485 521 1561 possent
545 1478 666 1559 conati,
697 1478 803 1561 operis
832 1476 1009 1538 munitione
1033 1482 1066 1538 et

156 1582 293 1645 militum
316 1583 388 1646 telis
411 1583 530 1666 repulsi
554 1581 753 1645 destiterunt.

122 1703 134 1743 1
220 1686 279 1749 IX.
312 1685 565 1770 Relinquebatur
587 1707 650 1749 una
672 1686 733 1767 via,
757 1706 819 1769 qua
840 1684 993 1769 Sequanis
1016 1684 1064 1746 in-

122 1815 135 1854 a
156 1789 229 1852 vitis
249 1795 382 1872 propter
405 1790 567 1872 angustias
590 1790 636 1853 ire
653 1809 718 1852 non
733 1793 893 1872 poterant.
927 1787 1065 1850 hiscum

157 1914 214 1955 sua
229 1899 342 1976 sponte
358 1912 423 1955 non
438 1891 679 1975 persuaderent,
694 1893 818 1974 legatos
834 1890 876 1954 ad
890 1891 1064 1954 Dumnori-

157 2016 231 2079 gem
253 1995 404 2060 Aeduum
427 1997 573 2078 mittunt,
602 2003 638 2059 ut
668 2016 706 2060 eo
731 1996 941 2080 deprecatore
963 1995 1064 2078 impe·

122 2104 287 2164 strarent.
341 2099 523 2163 Dumnorix
563 2101 667 2184 gratia
704 2105 735 2163 et
772 2099 941 2180 largitione
980 2097 1064 2179 apud

157 2202 322 2285 Sequanos
360 2203 532 2285 plurimum
566 2208 694 2286 poterat
731 2209 763 2266 et
800 2201 960 2265 Helvetiis
998 2207 1065 2264 erat

157 2306 292 2387 amicus,
321 2304 407 2388 quod
430 2304 631 2389 Orgetorigis
653 2307 750 2369 filiam
773 2306 806 2368 in
828 2305 1066 2368 matrimonium

158 2409 303 2491 duxerat,
326 2413 358 2471 et
381 2408 555 2490 eupiditate
577 2410 669 2491 regni
692 2407 848 2472 adductus
863 2409 954 2471 novis
970 2409 1065 2471 rebus

157 2511 307 2575 studebat
329 2516 361 2574 et
384 2531 479 2593 quam
500 2512 652 2594 plurimas
675 2512 819 2575 civitates
836 2533 892 2575 suo
909 2511 1064 2575 beneficio

123 2613 275 2679 chabere
300 2613 466 2675 obstrictas
489 2614 627 2677 volebat.
664 2615 772 2698 itaque
788 2636 857 2679 rem
881 2616 1011 2699 suscipit
1034 2623 1066 2679 et

157 2739 176 2779 a
199 2715 354 2799 Sequanis
376 2715 536 2798 impetrat,
562 2722 597 2779 ut
619 2738 677 2801 per
699 2719 778 2782 fines
801 2740 874 2782 suos
897 2719 1065 2783 Helvetios

156 2822 203 2884 ire
237 2820 396 2904 patiantur
436 2820 627 2904 obsidesque
667 2823 714 2884 uti
749 2823 832 2886 inter
865 2843 934 2886 sese
974 2822 1065 2886 dent:

157 2923 305 3006 Sequani,
321 2943 361 2986 ne
378 2921 491 2987 itinere
507 2924 677 2988 Helvetios
692 2925 893 3009 prohibeant,
911 2925 1064 3009 Helvetii,

158 3032 193 3088 ut
216 3027 283 3088 sine
307 3024 463 3088 maleficio
487 3030 658 3091 transeant.

125 3164 135 3203 1
223 3129 265 3192 X.
290 3128 419 3193 Caesari
434 3132 634 3194 renuntiatur
646 3131 815 3211 ,Helvetiis
828 3155 898 3197 esse
911 3134 943 3196 in
960 3134 1065 3196 animo

158 3254 217 3317 per
249 3253 361 3316 agrum
391 3233 612 3316 Sequanorum
649 3241 682 3299 et
718 3235 907 3300 Aeduorum
941 3237 1001 3299 iter
1035 3237 1067 3299 in

159 3336 336 3399 Santonum
358 3336 436 3399 fines
459 3336 565 3400 facere
591 3335 658 3421 (qui
681 3359 746 3401 non
773 3340 869 3422 longe
894 3362 913 3404 a
934 3340 1066 3403 Tolosa-

159 3440 239 3503 tium
260 3440 374 3503 finibus
390 3439 513 3521 absunt,
536 3462 617 3523 quae
634 3442 744 3504 civitas
761 3443 855 3506 estin
870 3440 1068 3526 provincia);
