2332 3892
90 246 95 252 ’
163 273 224 335 156
522 270 585 321 vn.
613 271 690 318 a-r.

155 464 303 508 recusare
324 443 547 528 principesque
572 462 614 505 ex
644 441 790 506 omnibus
817 441 940 505 bellum
962 440 1046 505 factu·

122 567 223 626 aros3
254 552 287 610 at
316 547 465 629 quoniam
493 545 528 608 in
555 544 737 628 praesentia
760 542 927 607 obsidibus
951 562 1046 608 cavere

154 649 238 712 inter
259 669 293 712 se
316 670 381 713 non
403 647 543 732 possint,
573 647 733 711 sanciatur
762 647 897 711 conlatis
920 647 1047 711 militari·

155 751 215 813 bus
245 750 343 834 signis
375 748 478 829 (more
507 749 715 833 gravissimae
745 748 989 830 caerimoniae),
1017 767 1047 812 ne

122 854 239 918 efacto
272 854 363 918 initio
395 852 435 916 ab
466 853 599 936 reliquis
631 847 841 916 deserantur‘.
892 857 962 915 turn
990 872 1048 916 con·

155 956 292 1020 laudatis
316 954 524 1036 Carnutibus,
548 954 623 1019 dato
646 954 716 1019 iure
739 952 875 1017 iurando
900 954 940 1018 ab
964 954 1048 1019 omni·

154 1058 224 1140 bus,
247 1058 302 1142 qui
324 1058 473 1139 aderant,
495 1063 641 1140 tempore
666 1056 839 1120 constituto
863 1056 905 1120 ab
929 1056 1047 1121 concilio

156 1161 340 1225 disceditur.
733 1210 735 1214 a

121 1291 132 1329 1
218 1263 280 1327 ΠΙ.
314 1264 379 1328 Ubi
411 1285 450 1329 ea
479 1265 547 1329 dies
576 1265 681 1346 venit,
714 1263 869 1329 Oarnutes
901 1265 1046 1331 (iutruato

156 1374 188 1431 et
206 1365 472 1431 (lonnetodumno
497 1366 641 1448 ducibus,
665 1365 843 1451 desperatis
866 1366 1046 1442 hominibus,

157 1469 321 1534 Cenabum
358 1471 450 1554 signo
483 1469 558 1535 dato
594 1476 784 1535 concurrunt
816 1470 967 1555 civesque
996 1470 1048 1534 Ro·

155 1595 281 1656 manos,
314 1573 369 1657 qui
401 1573 446 1637 ibi
479 1574 703 1657 constiterant,
734 1575 769 1638 in
798 1575 838 1639 iis
871 1573 908 1640 Ο.
937 1575 1049 1640 Fufium

158 1676 278 1759 Citam,
310 1677 482 1742 honestum
520 1678 661 1761 equitem
690 1676 890 1760 Romanum,
931 1679 984 1762 qui
1013 1674 1049 1741 rei

155 1780 381 1845 frumentariae
403 1781 493 1845 iussu
516 1779 661 1845 Caesaris
684 1788 847 1865 praeerat,
870 1783 1049 1847 interficiunt

120 1883 303 1966 abonaque
336 1904 448 1948 eorum
480 1883 643 1968 diripiunt.
697 1885 844 1949 celeriter
877 1885 920 1949 ad
953 1903 1048 1951 omnes

158 1985 282 2050 Galliae
306 1987 452 2051 civitates
481 1986 566 2051 fama
595 1987 762 2071 perfertur.
806 2009 883 2052 nam
904 1989 961 2052 ubi
983 2005 1049 2073 quae

155 2090 257 2154 maior
280 2095 375 2173 atque
399 2090 564 2155 inlustrior
584 2089 781 2172 inciditres,
804 2091 945 2155 clamore
969 2089 1050 2176 signi·

155 2194 265 2276 ficant;
296 2194 351 2257 alii
379 2193 531 2277 deinceps
561 2193 725 2277 excipiunt
756 2199 788 2256 et
816 2195 974 2276 proximis
1001 2202 1050 2258 tra·

120 2322 134 2360 a
157 2297 245 2378 dunt,
268 2303 304 2361 ut
325 2303 394 2360 tum
416 2297 541 2361 accidit.
585 2318 660 2362 nam
689 2316 771 2380 quae
795 2295 920 2362 Cenabi
943 2299 1050 2364 oriente

157 2401 224 2463 sole
247 2405 339 2483 gesta
368 2406 490 2482 essent,
520 2407 594 2465 ante
623 2401 760 2486 primam
784 2401 963 2467 confectam
984 2400 1051 2486 vigi·

156 2502 233 2566 liam
260 2503 295 2566 in
322 2503 438 2567 finibus
468 2501 688 2570 Arvernorum
718 2505 827 2570 audita
856 2513 947 2589 sunt,
979 2500 1051 2591 quod

158 2605 296 2686 spatium
318 2611 367 2668 est
389 2607 512 2670 milium
533 2629 686 2692 passuum
716 2609 841 2673 circiter
864 2617 995 2675 centum
1014 2629 1051 2672 m·

121 2738 135 2778 1
220 2706 279 2771 IV.
310 2707 574 2794 Vercingetorix,
608 2709 727 2776 (leltilli
757 2712 857 2794 filius,
888 2711 1052 2790 Arvernus,

156 2830 299 2874 summae
321 2813 485 2896 potentiae
507 2812 707 2896 adulescens,
731 2815 820 2878 cuius
841 2821 936 2900 pater
951 2814 1053 2902 princi·

157 2922 267 2998 patum
290 2914 469 2980 obtinuerat
499 2924 531 2980 et
561 2916 601 2981 ob
632 2937 703 2981 eam
726 2938 855 2982 causam
877 2925 949 2984 erat
970 2921 1053 2986 inter·

123 3018 274 3100 alectus,
299 3018 481 3082 convocatis
505 3019 570 3082 suis
592 3019 685 3083 facile
707 3020 866 3085 incendit:
898 3023 967 3087 eius
992 3042 1053 3089 con·

157 3121 227 3184 silio
252 3121 292 3184 ad
314 3142 402 3185 arma
425 3121 630 3187 concurritur.
667 3123 856 3207 prohibetur
877 3125 919 3191 ab
937 3126 1053 3192 Goban-

156 3227 293 3307 nitione,
316 3232 429 3310 patruo
453 3246 527 3307 suo,
555 3227 751 3311 reliquisque
773 3227 989 3312 principibus,
1009 3225 1053 3313 qui

157 3327 239 3391 hanc
275 3328 495 3412 temptandam
529 3330 689 3395 fortunam
725 3353 790 3396 non
824 3333 1051 3409 existimabant,

122 3459 136 3497 c
159 3430 277 3515 oppido
295 3434 473 3517 Gergovia:
498 3454 564 3498 non
580 3433 705 3498 desistit
720 3440 828 3498 tamen
845 3439 953 3519 atquc,
969 3453 1052 3519 quos·
