2332 3892
481 267 501 315 1.
531 269 607 317 c-c.
974 271 993 331 5

84 439 271 502 Romanum
294 439 488 521 viderentur,
512 441 564 504 vel
589 446 765 522 coacturos,
789 447 824 504 ut
846 445 904 525 per
920 463 994 504 suos

10 564 12 579 ¹
84 542 165 607 fines
201 543 249 606 ire
283 540 489 625 paterentur.‘
542 545 686 607 omnibus
719 545 814 609 rebus
846 545 885 607 ad
920 557 1028 627 pro-4

84 647 260 710 teotIonem
285 647 475 729 comparatis
498 645 583 708 diem
601 647 718 724 dicunt,
745 669 807 732 qua
830 648 870 710 ad
892 649 995 732 ripam

85 750 239 813 Rhodani
269 771 379 813 omnes
408 750 615 813 conveniant:
649 758 717 813 erat
745 772 773 813 a.
798 751 827 814 d.
857 750 994 814 1111111.

87 853 165 937 Apr.
189 852 227 915 L.
250 853 378 934 Pisone,
401 853 442 916 A.
468 853 604 917 Gabinio
630 855 821 917 oonsulibus.
1027 922 1030 927 ,

151 955 228 1018 VII.
265 955 393 1019 Caesari
410 978 481 1019 oum
495 957 528 1018 id
545 959 723 1021 nuntiatum
740 966 834 1041 esset,
858 965 995 1022 maturat
1017 974 1027 1012 1

86 1061 126 1124 ab
150 1059 230 1122 urbe
253 1059 410 1142 proficisci
425 1067 457 1123 et
474 1082 568 1143 quam
589 1062 736 1124 maximis
751 1068 858 1145 potest
872 1063 993 1126 itineri-

87 1165 146 1227 bus
169 1164 202 1226 in
220 1161 357 1225 Galliam
380 1164 566 1227 ulteriorem
589 1165 753 1228 contendit
776 1172 808 1229 et
830 1165 871 1227 ad
888 1165 994 1228 Gena-

90 1289 160 1330 vam
191 1267 347 1350 pervenit.
391 1268 573 1351 provinciae
603 1269 663 1331 toti
694 1291 789 1353 quam
820 1270 1029 1334 maximuma

89 1377 195 1455 potest
226 1371 363 1433 militum
392 1393 560 1435 numerum
592 1373 728 1456 imperat
752 1370 837 1455 (erat
864 1375 992 1437 omnino

89 1476 120 1537 in
146 1473 251 1536 Gallia
273 1474 426 1536 ulteriore
450 1475 536 1556 legio
560 1475 652 1555 una);
678 1481 826 1558 pontem,
851 1478 995 1560 quierat

89 1577 130 1642 ad
159 1578 341 1660 Genavam,
373 1579 534 1642 rescindit.
581 1579 621 1642 de
651 1579 718 1642 eius
750 1579 890 1642 adventu
913 1580 1029 1644 Hel-s

90 1681 165 1745 vetii
189 1681 342 1744 certiores
371 1681 446 1743 facti
477 1682 601 1763 legatos
624 1683 754 1743 mittunt
780 1682 995 1746 nobilissimos

90 1785 234 1865 civitatis,
259 1784 347 1846 ouius
369 1784 538 1867 legationis
561 1785 747 1848 Nammeius
772 1792 803 1848 et
818 1785 994 1850 Verucloe-

92 1887 152 1950 tius
181 1888 359 1971 principem
388 1887 495 1949 locum
530 1887 731 1949 obtinebant:
764 1887 835 1967 ,sibi
865 1908 935 1952 esse
962 1890 996 1951 in

92 1992 197 2054 animo
232 1992 300 2056 sine
333 1992 398 2055 ullo
436 1991 591 2054 maleficio
620 1991 681 2053 iter
711 2011 769 2073 per
798 1993 996 2074 provinciam

92 2096 206 2176 facere,
222 2099 395 2177 propterea
409 2094 494 2177 quod
508 2093 594 2156 aliud
610 2094 671 2155 iter
686 2092 842 2155 haberent
858 2095 994 2159 nullum:

92 2219 223 2281 rogare,
254 2203 290 2259 ut
313 2197 380 2261 eius
403 2199 568 2260 voluntate
596 2197 628 2258 id
659 2196 718 2259 sibi
748 2197 853 2260 facere
881 2196 996 2262 liceat‘

95 2300 220 2382 Caesar,
245 2299 332 2384 quod
357 2300 512 2363 memoria
537 2300 667 2363 tenebat
690 2300 727 2363 L.
753 2299 896 2363 Cassium
920 2321 1030 2364 eon-r

94 2405 192 2468 sulem
225 2404 364 2467 occisum
394 2403 634 2486 exercitumque
665 2403 733 2465 eius
767 2402 805 2464 ab
837 2402 996 2467 Helvetiis

95 2507 217 2590 pulsum
240 2513 273 2569 et
295 2507 354 2569 sub
376 2507 486 2588 iugum
509 2506 649 2588 missum,
673 2507 915 2570 eoncedendum
932 2529 997 2571 non

95 2611 237 2692 putabat:
260 2630 365 2693 neque
380 2609 524 2672 homines
539 2609 667 2674 inimico
685 2613 790 2673 animo
809 2611 883 2675 data
897 2612 995 2674 facul·

95 2716 155 2776 tete
177 2733 235 2796 per
257 2712 454 2795 provinciam
469 2713 589 2776 itineris
605 2714 744 2776 faciundi
763 2720 996 2798 temperaturos

39 2842 42 2849 ¹
97 2814 131 2878 ab
152 2815 276 2880 iniuria.
314 2821 431 2898 tamen,
455 2823 491 2879 ut
511 2818 648 2899 spatium
670 2817 895 2899 intercederet,
920 2818 996 2880 dum
1019 2843 1031 2880 1

98 2919 224 3002 milites,
255 2940 335 3003 quos
365 2919 594 3002 imperaverat,
626 2921 851 3001 convenirent,
884 2922 996 3004 legatis

99 3021 255 3106 respondit
276 3022 372 3104 ,diem
388 3043 421 3086 se
448 3022 488 3084 ad
512 3022 755 3086 deliberandum
778 3031 995 3108 sumpturum:

101 3124 216 3209 siquid
237 3126 376 3207 vellent,
409 3125 449 3188 ad
473 3125 521 3188 ld.
544 3125 647 3209 April.
670 3125 929 3190 reverterentur‘.

155 3228 246 3292 VIII.
268 3228 399 3293 lnterea
415 3250 452 3292 ea
466 3230 606 3312 legione,
623 3252 716 3313 quam
729 3252 838 3293 secum
849 3231 996 3311 habebat,
1019 3262 1030 3301 1

105 3331 317 3418 militibusque,
341 3334 392 3417 qui
410 3354 453 3396 ex
467 3334 630 3417 provincia
647 3339 872 3423 convenerant,
893 3335 998 3396 alaou

106 3427 252 3500 lemanno
284 3437 325 3500 ad
354 3445 497 3502 montem
520 3437 627 3500 Iuram
658 3437 746 3499 milia
771 3457 922 3520 passuum
944 3459 998 3499 xix
