2332 3892
157 237 220 300 232
503 237 582 288 vlu.
611 238 724 287 48-49.

155 411 243 475 idem
274 432 387 476 omnes
416 411 485 476 cius
516 411 640 495 equites
663 430 849 494 paucosque
873 415 1002 473 nostros
1024 409 1063 472 in-

120 524 341 600 sscquuntur.
377 515 543 580 Commius
565 516 731 579 incensum
756 515 935 578 calcaribus
957 536 1064 599 equum
1092 534 1096 541 ·

155 620 259 705 iungit
287 641 369 704 equo
394 619 549 694 Quadrati
580 620 755 704 lanceaque
784 617 903 683 infesta
931 619 1066 683 medium

120 724 260 788 cfemur
288 725 403 788 traicit.
448 723 613 809 praefecto
641 725 810 788 vulnerato
835 744 903 787 non
928 724 1065 788 dubitant

121 850 132 889 1
155 829 257 892 nostri
287 827 448 892 resistere.
494 848 612 912 magno
643 834 829 891 nostrorum
852 828 979 912 impetu
1001 849 1064 913 pcr-

155 919 235 997 culsi
266 933 383 1016 partim
414 932 447 995 in
478 932 555 1017 fuga
585 937 794 1017 proteruntur
823 933 944 1017 partim
976 933 1065 997 inter·

156 1038 325 1121 cipiuntur.
364 1036 452 1120 quod
474 1038 594 1100 1111111111
619 1036 687 1100 dux
709 1038 784 1122 equi
805 1038 982 1102 velocitate
1007 1037 1063 1102 cvi·

155 1141 251 1222 tavit,
288 1142 432 1224 graviter
461 1142 647 1206 vulneratus
678 1142 880 1227 praefectus,
920 1149 957 1206 ut
989 1143 1064 1207 vitae

155 1244 334 1329 periculum
361 1243 506 1309 aditurus
528 1245 712 1328 videretur,
740 1246 880 1311 refertur
903 1247 938 1310 in
961 1252 1064 1310 casua.

121 1347 322 1412 cOcmmius
357 1355 464 1414 autem
500 1350 567 1414 sive
601 1351 732 1434 expiato
766 1371 824 1413 suc
859 1350 974 1415 dolore
1006 1350 1075 1414 sive.

155 1473 273 1536 magna
295 1461 386 1537 parte
409 1455 524 1518 amissa
547 1475 678 1518 sucrum
693 1454 820 1538 legatos
837 1453 878 1517 ad
895 1453 1064 1518 Antonium

155 1559 252 1621 mittit
276 1579 375 1643 seque
398 1559 443 1622 ibi
460 1558 613 1642 futurum,
636 1559 693 1622 ubi
706 1559 963 1643 praescripserit,
989 1563 1020 1621 et
1033 1577 1064 1620 ca

155 1662 324 1744 facturum,
351 1683 432 1746 quae
456 1662 632 1747 imperarit,
656 1661 821 1725 obsidibus
845 1660 930 1725 datis
952 1661 1064 1738 firmat3

121 1786 255 1831 aunum
287 1767 366 1831 illud
397 1774 481 1849 crat,
510 1773 546 1831 ut
575 1768 685 1830 timori
710 1787 768 1830 suc
793 1766 1005 1847 concedatur,
1030 1783 1063 1828 ne

157 1870 189 1933 in
213 1876 421 1956 conspectum
445 1873 553 1936 veniat
575 1872 763 1955 cuiusquam
777 1870 931 1934 Romani.
964 1875 1063 1955 postu·

157 1976 310 2040 lationem
333 1974 495 2038 Antonius
525 1996 598 2039 cum
627 1973 785 2038 iudicaret
815 1974 854 2037 ab
877 1974 965 2038 iusto
987 1969 1063 2037 nasci

157 2081 284 2162 timore,
309 2080 436 2144 veniam
459 2078 585 2163 petenti
610 2077 709 2161 dedit,
734 2077 863 2143 obsides
887 2078 1020 2163 accepit.

510 2263 718 2270 ——-—.

122 2406 147 2444 10
221 2386 294 2451 Scio
321 2386 493 2450 0111111111
524 2385 724 2469 singulorum
746 2404 905 2448 annorum
929 2382 1063 2468 singulos

158 2492 407 2554 commentarios
424 2490 616 2570 confecisse,
637 2487 725 2573 quod
741 2508 803 2571 ego
814 2508 881 2551 non
894 2484 1064 2552 existimavi

157 2594 235 2656 mihi
273 2614 343 2657 csse
381 2593 583 2676 faciendum,
627 2592 715 2677 quod
751 2593 926 2677 insequens
965 2611 1064 2670 11111111,

157 2697 194 2761 L.
224 2696 326 2760 Paulo
362 2696 398 2761 0.
427 2697 581 2761 Marcello
615 2696 818 2778 consulibus,
856 2697 946 2760 nulla
976 2695 1064 2760 habet

122 2824 147 2861 11
157 2822 276 2886 magno
303 2822 401 2885 opere
420 2812 523 2885 gesta.
552 2801 666 2886 nequis
681 2806 791 2865 tamen
806 2801 983 2885 ignoraret,
1006 2797 1064 2885 qui·

158 2908 216 2972 bus
252 2908 286 2970 in
322 2907 401 2971 locis
434 2906 552 2971 011111
589 2906 814 2990 exercitusque
850 2925 890 2969 ec
925 2910 1064 2989 tempore

156 3012 307 3094 fuissent,
343 3032 447 3096 pauca
478 3011 648 3074 scribenda
678 3009 972 3094 coniungendaque
1001 3006 1064 3074 huic

159 3118 391 3181 commentario
415 3118 522 3181 statui.

123 3244 133 3282 1
222 3221 345 3286 XLIX.
385 3222 520 3302 Caesar,
559 3241 631 3283 cum
663 3220 832 3301 hiemaret,
865 3236 970 3283 unum
999 3235 1063 3302 pro·

157 3326 469 3409 positumhabebat,
493 3324 570 3388 nulli
594 3346 686 3409 spem
709 3329 765 3388 aut
786 3345 915 3389 causam
932 3323 1008 3388 dare
1022 3341 1062 3385 11·

123 3451 135 3490 1
158 3451 294 3493 marum.
327 3431 406 3493 nihil
429 3431 515 3494 enim
538 3431 642 3494 minus
656 3429 797 3511 volebat,
821 3451 918 3514 quam
934 3424 1061 3493 necessi·
