2332 3892
183 253 224 314 92
542 253 591 303 1v.
616 253 731 303 26-28.

182 426 462 490 animadvertisset
479 425 605 506 Caesar,
623 427 757 510 scaphas
772 427 940 509 longarum
953 423 1087 502 navium,

180 529 259 593 item
281 530 495 613 speculatoria
516 530 646 613 navigia
661 530 815 593 militibus
832 528 988 612 compleri
1002 527 1089 590 iussit

181 641 223 714 et,
247 655 327 717 quos
349 635 532 699 laborantes
556 640 777 717 conspexerat,
801 633 852 696 his
874 630 1090 695 submittebat.

146 757 159 796 s
181 737 275 799 simul
304 739 338 801 in
367 737 456 801 arido
481 738 707 819 constiterunt,
741 736 889 800 omnibus
913 734 1091 799 consecutis

180 841 212 903 in
236 841 346 903 hostes
369 841 526 924 impetum
549 842 693 905 fecerunt
716 847 810 923 atque
835 861 891 904 eos
920 840 954 902 in
985 838 1092 922 fugem

180 942 339 1007 dederunt
361 964 465 1026 neque
489 944 617 1027 longius
631 945 784 1027 prosequi
799 949 985 1026 potuerunt,
1008 941 1091 1025 quod

181 1047 305 1129 equites
330 1067 455 1109 cursum
478 1053 589 1111 tenere
613 1054 707 1130 atque
731 1047 868 1110 insulam
892 1067 1008 1129 capere
1029 1068 1093 1109 non

179 1156 361 1232 potuerant.
406 1151 468 1214 hoc
505 1172 604 1215 unum
642 1151 683 1215 ad
724 1152 892 1234 pristinam
928 1151 1093 1215 *fortunam

182 1251 313 1316 Caesari
341 1252 452 1317 defuit.

146 1380 159 1421 1
244 1354 387 1419 XXVII.
417 1356 540 1420 Hostes
563 1359 687 1440 proelio
712 1359 863 1441 superati,
886 1359 1093 1443 simulatque

181 1480 215 1522 se
239 1480 282 1523 ex
303 1460 380 1545 fuga
401 1467 608 1545 receperunt,
642 1462 749 1525 statim
772 1463 898 1546 legatos
921 1463 1092 1526 miserunt:
1120 1543 1122 1547 Ι

181 1563 321 1644 ,obsides
359 1564 491 1629 daturos
529 1585 673 1648 quaeque
712 1567 901 1649 imperasset
931 1563 1094 1630 facturos‘

121 1685 141 1726 s.
154 1690 167 1728 s
181 1689 244 1730 una
267 1688 339 1730 cum
361 1669 411 1731 his
436 1668 601 1733 Commius
623 1670 763 1735 Atrebas
792 1671 890 1735 venit.
935 1671 1021 1735 hunc
1047 1671 1094 1734 illi

183 1792 367 1855 egressum,
409 1794 482 1836 oum
514 1773 648 1837 oratoris
680 1773 777 1838 modo
807 1772 958 1837 mandata
985 1774 1094 1854 ferret,

181 1876 494 1959 comprehenderant
534 1883 629 1960 atque
667 1878 700 1939 in
737 1877 842 1940 vincla
873 1877 1094 1941 coniecerant:

147 1987 250 2043 rtum
273 1981 464 2043 remiserunt
488 1979 555 2043 eius
578 1980 626 2042 rei
650 1980 776 2062 culpam
799 1981 832 2043 in
855 1980 1095 2063 multitudinem

148 2108 161 2146 s
183 2090 231 2165 et,
254 2091 290 2146 ut
312 2085 549 2167 ignosceretur,
571 2084 764 2166 petiverunt.
812 2083 930 2146 Cacsar
953 2090 1095 2166 questus,

183 2187 284 2271 quod,
320 2210 391 2252 cum
421 2189 504 2252 ultro
535 2188 568 2250 in
599 2188 816 2251 continentem
845 2187 961 2271 legatis
989 2187 1095 2250 missis

182 2312 296 2375 pacem
323 2292 496 2375 petissent,
525 2291 646 2354 bellum
676 2292 745 2354 sine
776 2311 870 2354 causa
900 2291 1095 2371 intulissent,

182 2397 349 2478 ignoscere
372 2395 454 2457 dixit
478 2394 669 2476 obsidesque
686 2395 868 2478 imperavit3
894 2415 1029 2477 quorum
1046 2395 1095 2457 illi

149 2517 162 2555 ⁶
183 2506 308 2582 partem
325 2499 498 2562 dederunt:
516 2505 649 2581 ,partem
666 2519 708 2561 ex
722 2497 999 2581 longinquioribus
1014 2499 1096 2560 loeis

150 2619 162 2660 r
184 2603 369 2666 accersitam
392 2601 503 2684 paucis
527 2601 641 2664 diebus
671 2598 823 2665 daturos‘
851 2602 976 2664 interea
997 2602 1095 2664 remi·

182 2727 274 2791 grare
297 2706 522 2789 principesque
545 2705 686 2788 undique
710 2705 880 2769 convenire
905 2710 937 2767 et
961 2724 995 2767 se
1016 2704 1094 2767 civi·

182 2814 327 2891 tatesque
352 2829 424 2871 suas
449 2807 579 2872 Caesari
604 2807 839 2872 commendare.

150 2931 162 2970 1
248 2910 407 2974 XXVIII.
430 2911 492 2974 His
507 2912 603 2975 rebus
619 2932 698 2994 pace
715 2910 900 2975 confirmata
915 2918 989 2994 post
1007 2911 1096 2975 diem

184 3020 330 3097 quartum
354 3035 448 3097 quam
471 3021 520 3077 est
549 3015 582 3077 in
604 3015 804 3077 Britanniam
834 3020 965 3078 ventum
995 3035 1096 3078 naves

182 3140 265 3198 xun,
288 3130 368 3200 quae
392 3119 516 3200 equites
532 3118 733 3197 sustulerant,
758 3138 800 3180 ex
819 3117 983 3199 superiore
999 3125 1096 3201 portu

151 3221 250 3287 eleni
271 3228 368 3286 vento
392 3222 565 3286 solverunt.
604 3242 685 3305 quae
708 3243 780 3285 cum
802 3220 1097 3304 adpropinquarent

182 3322 368 3388 Britanniae
399 3332 431 3387 et
462 3345 504 3387 ex
533 3325 643 3388 eastris
667 3323 868 3403 viderentur,
899 3330 988 3387 tanta
1011 3331 1095 3389 tem-

184 3432 293 3509 pestas
322 3427 428 3491 subito
460 3433 528 3491 orta
558 3433 622 3504 est,
652 3433 687 3489 ut
715 3426 802 3489 nulla
833 3445 960 3488 cursum
982 3434 1096 3491 tenere
