2332 3892
428 241 462 293 v.
491 243 602 294 se-or.
915 245 974 309 127

66 415 209 479 hibernis
230 413 375 480 hiemare
397 414 579 496 constituit3
602 433 677 480 nam
694 415 750 478 illo
767 415 973 480 incommodo
996 432 1009 470 4

65 519 190 604 perlato
224 538 335 583 omnes
365 517 432 583 fere
468 517 595 582 Galliae
631 518 778 597 civitates
816 519 856 584 de
886 519 973 584 bello
1061 505 1068 521 ’

67 623 309 704 consultabant,
342 621 473 686 nuntios
512 620 758 706 legationesque
792 622 826 686 in
864 642 975 686 omnes

65 731 172 810 partes
195 723 416 806 dimittebant,
439 724 516 809 quid
539 724 654 810 reliqui
677 726 802 790 consilii
824 732 976 810 caperent

66 833 160 914 atque
192 828 279 894 unde
301 829 427 893 initium
455 828 533 894 belli
558 829 667 911 fieret,
700 836 920 916 nocturnaque
942 832 975 894 in

64 931 142 995 locis
159 930 296 996 desertis
311 931 447 995 concilia
463 931 640 996 habebantc
663 953 768 1018 neque
784 934 885 998 ullum
906 933 974 1000 fere
996 955 1010 993 s

65 1033 163 1097 totius
191 1032 307 1097 hiemis
334 1039 462 1119 tempus
492 1035 560 1100 sine
589 1036 806 1102 sollicitudine
830 1039 975 1104 Caesaris

64 1137 255 1202 intercessit.
277 1137 370 1201 inhis
379 1138 419 1202 ab
431 1137 469 1202 L.
479 1137 610 1222 Roscio,
621 1160 718 1225 quem
727 1141 850 1225 legioni
860 1143 974 1207 tertiae
996 1159 1010 1200 ο
1106 1144 1115 1161 ’

66 1239 212 1306 decimae
235 1241 452 1326 praefecerat,
484 1243 602 1307 certior
630 1244 733 1308 factus
766 1250 815 1309 est
843 1247 975 1330 magnas

66 1345 175 1431 copias
198 1366 310 1409 earum
332 1346 505 1429 civitatum,
529 1367 610 1431 quae
629 1347 841 1412 Aremoricae
863 1350 974 1434 appel·

65 1451 187 1530 lentur,
218 1449 406 1528 convenisse
433 1470 539 1535 neque
565 1450 693 1534 longius
715 1451 803 1514 milia
825 1472 975 1536 passuum

67 1561 162 1635 octo,
200 1552 258 1619 sed
294 1553 406 1619 nuntio
442 1553 539 1617 allato
579 1552 620 1617 de
656 1553 791 1619 victoria
829 1554 1008 1620 Caesarisr

66 1656 263 1722 discessisse.
347 1703 349 1707 ψ

130 1759 219 1825 LIV.
249 1759 295 1823 At
311 1759 429 1825 Caesar
451 1758 646 1843 principibus
670 1760 822 1845 cuiusque
839 1760 975 1834 ciuitatis
996 1785 1008 1824 1
1081 1843 1082 1846 Ἴ

64 1864 107 1929 ad
138 1885 174 1928 se
205 1863 328 1927 vocatis
364 1861 561 1945 territando,
595 1861 792 1926 cohortando
820 1883 974 1946 >magnam

63 1974 192 2054 partem
220 1967 255 2030 in
283 1966 385 2030 officio
409 1966 523 2032 tenuit.
569 1971 678 2030 tamen
701 1965 862 2049 Senones,
892 1977 1008 2051 quaem

65 2078 115 2137 est
136 2071 249 2136 civitas
270 2070 414 2154 inprimis
435 2070 527 2133 firma
549 2074 582 2134 et
604 2090 740 2153 magnae
763 2071 973 2152 auctoritatis,

65 2175 278 2256 Cavarinum,
317 2194 412 2258 quern
448 2172 567 2237 Caesar
605 2191 716 2254 regem
754 2173 973 2255 constituerat,

63 2280 155 2344 cuius
175 2278 275 2343 frater
293 2276 487 2359 Moritasgus
509 2294 645 2358 regnum
663 2274 853 2354 obtinuerat,
875 2275 972 2339 inter·
992 2316 993 2319 =

61 2383 161 2446 ficere
182 2380 310 2467 publico
335 2378 468 2443 consilio
491 2379 614 2461 conati,
644 2398 716 2442 cum
743 2378 798 2442 ille
820 2398 973 2462 praesen·

62 2486 159 2550 sisset
180 2505 217 2548 ac
238 2483 434 2569 profugisset
462 2483 567 2546 missis
590 2481 631 2545 ad
655 2482 826 2546 Caesarem
848 2482 1008 2565 legatis,a

61 2588 90 2652 is
115 2606 245 2651 omnem
267 2592 412 2650 senatum
428 2586 539 2649 venire
558 2584 712 2665 iussisset,
737 2584 822 2648 dicto
839 2585 972 2649 audien·
992 2621 994 2626 π

61 2698 114 2757 tes
135 2711 202 2754 non
224 2689 363 2754 fuerunt.
401 2675 526 2752 teritum
548 2687 635 2771 apud
656 2686 804 2750 homines
819 2686 973 2751 barbaros
994 2703 1007 2756 4'

61 2792 164 2858 valuit
190 2811 260 2858 esse
292 2792 414 2876 aliquos
440 2794 588 2875 repertos
616 2789 775 2874 principes
803 2790 880 2854 belli
901 2797 971 2855 tan·

62 2904 194 2981 tamque
209 2894 492 2959 commutationem
507 2894 633 2977 adtulit,
648 2899 684 2958 ut
698 2899 827 2979 praeter
837 2893 972 2958 Aeduos

63 3008 99 3065 et
112 2999 245 3082 Remos,
268 3018 348 3084 quos
370 2999 543 3083 praecipuo
567 3018 695 3080 semper
713 2996 837 3061 honore
855 2996 972 3061 Caesar
995 3025 996 3029 ¹

62 3103 184 3186 habuit,
207 3101 328 3167 alteros
349 3122 408 3187 pro
432 3108 544 3167 vetere
573 3123 611 3166 ac
633 3106 791 3186 perpetua
813 3120 891 3183 erga
912 3114 970 3185 po-

62 3205 174 3290 pulum
205 3203 388 3269 Romanurn
421 3204 506 3285 fide,
540 3205 658 3269 alteros
696 3224 754 3288 pro
791 3204 971 3268 recentibus

63 3307 193 3390 officiis,
231 3307 321 3370 nulla
356 3307 424 3371 fere
456 3307 566 3371 civitas
599 3303 695 3371 fuerit
725 3325 790 3369 non
823 3312 970 3390 suspecta

63 3412 165 3476 nobis.
