2332 3892
158 244 199 306 36
528 243 550 294 1.
578 243 690 294 49-51.

158 415 283 479 circiter
313 436 423 499 passus
454 423 618 480 sescentos
649 416 803 480 idoneum
830 414 939 477 locum
976 412 1065 478 dele·

122 543 135 582 a
156 520 203 603 git
225 520 357 604 acieque
380 521 497 604 triplici
520 522 674 584 instructa
696 520 738 583 ad
762 541 835 584 eum
863 519 962 582 venit.
998 518 1065 603 pri·

157 630 296 688 memet
319 623 492 688 secundam
519 625 622 688 aciem
644 625 677 686 in
699 624 794 686 armis
819 642 906 702 esse,
936 621 1066 698 tertiam

121 733 258 790 acastre
290 728 414 791 munire
444 728 544 790 iussit.
587 747 626 793 eo
655 728 781 791 circiter
809 725 976 789 hominurn
1005 745 1065 787 nu·

155 850 245 895 mero
268 829 410 894 sedecim
431 831 520 894 milia
541 831 695 914 expedita
717 852 789 894 cum
812 830 899 893 omni
922 828 1065 914 equitatu

155 934 338 997 Ariovistus
368 933 471 1014 misit,
507 954 588 1017 quae
618 934 729 1017 copiae
754 938 881 996 nostros
904 937 1066 996 terrerent

121 1059 133 1094 ι
157 1043 189 1100 et
218 1037 394 1100 munitione
417 1035 636 1120 prohiberent.
675 1035 775 1099 nihilo
805 1036 904 1100 setius
935 1033 1065 1116 Caesar,

155 1146 191 1203 ut
213 1146 286 1203 ante
309 1140 534 1222 constituerat,
565 1139 644 1204 duas
672 1140 757 1204 acies
779 1140 907 1205 hostem
929 1139 1064 1224 propul-

121 1263 244 1323 ssare,
285 1243 413 1305 tertiam
455 1263 535 1326 opus
576 1242 731 1327 perficere
781 1242 881 1306 iussit.
935 1242 1065 1306 munitis

156 1346 266 1409 castris
304 1344 383 1408 duas
420 1344 464 1408 ibi
508 1346 654 1429 legiones
692 1345 821 1430 reliquit
864 1351 897 1410 et
938 1352 1067 1430 partem

156 1449 362 1531 auxiliorum,
392 1454 542 1533 quattuor
572 1449 711 1533 reliquas
740 1449 775 1512 in
808 1456 911 1512 castra
942 1447 1067 1512 maiora

155 1552 294 1616 reduxit.

122 1673 133 1712 1
219 1655 257 1718 L.
290 1655 443 1718 Proximo
475 1653 526 1718 die
557 1654 702 1718 instituto
720 1675 779 1719 suo
804 1654 924 1719 ansar
948 1675 992 1718 cx
1012 1674 1065 1717 ca·

156 1757 228 1821 stris
251 1758 393 1842 utrisque
422 1758 530 1842 copias
560 1756 673 1822 eduxit
695 1759 890 1843 paulumque
922 1757 1065 1821 amalo-

156 1860 243 1924 ribus
272 1881 461 1945 progressus
495 1861 641 1926 hostibus
670 1861 836 1947 pugnandi
868 1867 1065 1946 potestatem

122 1964 241 2031 eiecit.
278 1965 331 2029 nbi
355 1986 396 2030 ne
420 1972 489 2029 tum
504 1967 635 2051 quidem
660 1987 716 2032 eos
738 1965 869 2052 prodire
891 1965 1063 2048 intellexit,

157 2070 282 2133 circiter
317 2068 486 2133 meridiem
518 2071 694 2134 exercitum
724 2069 864 2134 reduxit.
904 2073 974 2132 tum
1007 2065 1064 2133 de·

156 2193 245 2235 mum
274 2170 457 2235 Ariovistus
495 2177 635 2255 partem,
682 2193 763 2257 quae
802 2178 905 2236 castra
941 2173 1066 2236 minora

158 2282 375 2361 oppugnaret,
411 2276 505 2340 misit.
556 2277 672 2339 acriter
700 2275 860 2360 utrimque
893 2295 995 2359 usque
1023 2273 1064 2339 ad

122 2399 327 2462 svesperum
360 2383 537 2462 pugnatum
580 2385 638 2443 est.
682 2379 760 2443 solis
802 2399 919 2443 occasu
955 2379 1063 2464 copias

157 2480 337 2544 Ariovistus
369 2481 476 2544 multis
507 2481 613 2545 inlatis
645 2488 678 2547 ct
709 2483 847 2566 acceptis
877 2482 1062 2547 vulneribus

122 2582 296 2654 areduxit.
350 2604 422 2646 cum
466 2604 508 2648 ex
545 2584 678 2669 captivis
721 2590 892 2669 quaereret
935 2585 1063 2667 Cacsar,

157 2708 252 2770 qnam
276 2686 317 2749 ob
339 2706 408 2750 rem
430 2684 612 2751 Ariovistus
634 2687 759 2772 proelio
781 2709 847 2751 non
871 2687 1064 2770 decertaret,

156 2789 239 2852 hanc
263 2788 444 2873 reperiebat
468 2811 615 2871 causam,
647 2791 735 2875 quod
764 2791 851 2877 apud
886 2792 1064 2857 Germanos

157 2890 356 2956 consuetudo
388 2899 491 2974 esset,
524 2898 560 2956 ut
597 2899 716 2958 matres
753 2895 893 2960 familiae
924 2896 1064 2960 sortibus

158 2995 373 3074 declararent,
408 3001 515 3058 utrum
545 2995 705 3080 proelium
742 2997 900 3061 committi
932 3019 975 3062 ex
998 2990 1064 3062 ¹usu

121 3106 242 3164 cesset
271 3117 391 3176 necne3
418 3119 472 3161 eas
494 3099 540 3162 ita
562 3097 686 3162 dicere:
710 3120 786 3180 ,non
810 3120 881 3164 esse
909 3100 956 3164 fas
982 3100 1062 3166 Ger·

156 3221 267 3264 manos
300 3220 467 3284 superare,
498 3199 525 3262 si
557 3206 631 3264 ante
659 3221 778 3264 novam
807 3202 915 3266 lunam
937 3203 1062 3287 proelio

156 3299 417 3367 contendissent!

121 3432 133 3469 1
219 3405 274 3470 LI.
305 3404 467 3469 Postridie
497 3405 565 3468 eins
595 3405 659 3471 diei
687 3405 805 3472 Caesar
835 3408 981 3494 utrisque
1010 3427 1062 3472 ca·
