2332 3892
477 234 540 284 vrr.
568 235 679 285 ao--su
975 233 1035 297 177

125 425 260 490 quorum
280 405 417 470 salutern
432 427 536 491 neque
553 407 723 492 propinqui
738 407 914 490 neglegere
930 426 1035 490 neque

125 510 235 574 civitas
258 510 325 576 levi
346 517 510 575 momento
535 512 704 578 aestimare
727 510 857 598 posset.‘

188 613 260 679 XL.
292 614 412 698 Magna
433 615 577 679 adfectus
599 616 814 681 sollieitudine
837 616 900 680 hoo
921 615 1033 679 nuntio
1057 636 1069 676 1

126 715 246 782 Caesar
267 717 356 781 nulla
377 718 567 803 interposita
590 719 788 785 dubitatione
811 720 957 804 legiones
977 740 1034 782 ex·

125 821 251 907 pedites
288 827 438 906 quattuor
472 822 712 908 equitatumque
748 844 876 888 omnem
911 821 1033 887 eduoit:

126 923 161 990 0.
178 924 317 988 Fabium
340 924 482 1008 legatum
502 946 574 988 oum
588 926 769 1009 legionibus
787 926 908 990 duabus
924 927 1035 990 eastris
1056 949 1070 988 a

125 1027 288 1114 praesidio
319 1028 480 1114 relinquit.
514 1029 629 1094 fratres
660 1029 814 1095 Litavicci
845 1050 918 1094 oum
947 1050 1070 1094 eom-a

125 1132 283 1219 prehendi
311 1133 471 1216 iussisset,
503 1135 599 1217 paulo
623 1138 697 1198 ante
719 1133 839 1218 reperit
862 1133 903 1197 ad
924 1131 1035 1196 hostes

124 1235 256 1320 fugisse.
281 1236 470 1301 adhortatus
485 1237 612 1320 milites,
635 1258 676 1302 ne
691 1237 870 1303 necessario
887 1243 1034 1322 tempore
1055 1270 1071 1311 4

125 1345 392 1424 permoveantur,
427 1339 640 1424 cupidissimis
675 1341 822 1405 omnibus
845 1361 1035 1425 progressus

125 1443 211 1508 milia
233 1463 386 1528 passuum
403 1469 474 1526 xxv,
497 1463 614 1527 agmen
626 1441 817 1509 Aeduorum
835 1443 1035 1528 oonspioatus

125 1547 255 1611 inmisso
281 1547 424 1631 equitatu
443 1551 603 1611 moratur:
626 1546 884 1630 Eporedorigem
900 1552 934 1611 et
947 1546 1034 1611 Viri·
1056 1579 1069 1617 s

127 1648 304 1731 domenum,
327 1668 408 1734 quos
426 1648 473 1712 illi
491 1649 677 1714 interfectos
693 1651 929 1734 existimabant,
951 1651 1035 1716 inter

127 1755 250 1839 equites
278 1753 399 1819 versari
427 1774 565 1838 suosque
590 1754 753 1839 appellare
775 1754 875 1819 iubet.
907 1755 957 1819 his
980 1776 1070 1823 oo·s

127 1857 221 1941 gnitis
244 1861 279 1922 et
298 1855 453 1920 Litavicci
473 1856 586 1922 fraude
608 1863 778 1942 perspecta
792 1857 900 1923 Aedui
922 1879 1035 1922 manus

127 1961 261 2026 tendere
294 1965 328 2025 et
360 1961 512 2045 proiectis
546 1961 642 2025 armis
678 1966 817 2026 mortem
858 1960 1034 2046 deprecari.

127 2065 306 2130 Litaviccus
330 2084 402 2129 oum
424 2065 488 2128 suis
512 2064 690 2147 clientibus,
714 2063 828 2149 quibus
851 2084 941 2128 more
958 2063 1070 2131 Gal-r

127 2170 231 2234 lorum
252 2168 342 2234 nefas
358 2173 408 2232 est
422 2169 518 2232 etiam
532 2169 567 2231 in
581 2173 727 2233 extrema
741 2167 871 2231 fortuna
886 2166 1035 2232 deserere

128 2279 290 2358 patronos,
314 2271 510 2355 Gergoviam
531 2270 623 2354 fugit.

187 2375 280 2441 XLI.
322 2375 439 2440 ansar
473 2375 593 2439 nuntiis
630 2375 736 2438 missis
768 2373 848 2458 (,suo
878 2373 1071 2439 benefiaior

130 2484 345 2560 aonservatos,
370 2497 451 2563 quos
472 2478 542 2542 iure
557 2477 637 2542 belli
650 2477 831 2542 interficere
853 2476 1036 2561 potuisset‘)
1134 2489 1138 2492 ’

129 2585 291 2669 tribusque
313 2583 402 2647 horis
425 2582 582 2647 exercitui
605 2581 646 2645 ad
669 2580 812 2665 quietem
836 2580 919 2645 datis
935 2588 1038 2646 eastra

130 2688 167 2752 ad
190 2687 390 2772 Gergoviam
411 2687 522 2751 morit.
552 2685 660 2751 medio
685 2684 752 2749 fere
775 2685 890 2749 itinere
914 2686 1037 2769 equites
1059 2709 1073 2747 a

130 2791 271 2857 aFabio
294 2790 392 2872 missi,
414 2794 534 2874 quanto
557 2809 610 2853 res
631 2788 666 2853 in
687 2787 830 2872 periculo
850 2787 955 2872 fuerit,
980 2810 1037 2854 ex·

130 2903 262 2982 ponunt.
307 2895 448 2979 ,summis
480 2893 581 2978 aopiis
613 2898 716 2957 eastra
749 2897 933 2977 oppugnata
966 2912 1037 2955 aum

131 3000 247 3085 integri
279 2997 413 3064 defessis
443 2997 653 3062 suooederent
680 3002 871 3080 nostrosque
900 2994 1036 3058 adsiduo

131 3103 238 3171 labore
258 3102 482 3185 defatigarent,
505 3101 619 3187 quibus
634 3106 768 3186 propter
783 3096 1035 3182 magnitudinem

134 3216 305 3274 astrorum
326 3213 483 3291 perpetuo
508 3212 593 3269 esset
614 3206 648 3268 in
670 3205 754 3269 vallo
773 3200 1036 3287 permanendum.

133 3311 333 3378 multitudine
356 3312 542 3394 sagittarum
566 3315 660 3392 atque
682 3309 820 3372 telorum
835 3306 953 3369 multos
967 3307 1072 3370 vul-s

134 3420 272 3494 aeratos,
303 3411 345 3476 ad
372 3413 453 3477 haee
482 3411 667 3476 sustinenda
696 3432 812 3494 magno
842 3410 914 3472 usui
937 3409 1035 3472 fuisse
