2332 3892
936 249 973 309 21

71 418 183 479 iterum
215 415 311 478 armis
339 413 560 495 contendisse;
588 435 737 497 magnam
764 416 975 481 calamitatem

70 518 178 601 pulsos
211 516 395 600 accepisse,
430 536 556 578 omnem
589 517 811 600 nobilitatem,
848 541 976 585 omnem

70 625 236 699 senatum,
281 639 408 683 omnem
445 619 621 701 equitatum
653 621 806 685 amisisse.
863 624 1010 706 quibust

70 723 200 807 proeliis
223 722 350 801 fractos,
375 721 428 803 qui
451 727 483 783 et
506 743 563 784 sua
585 723 702 786 virtute
727 729 760 788 et
781 726 892 809 populi
908 725 975 788 Ro·

70 826 154 888 mani
176 824 317 908 hospitio
334 829 428 907 atque
446 824 583 886 amicitia
597 825 769 908 plurimum
785 829 975 910 potuissent,

71 934 198 992 coaetos
229 947 297 990 esse
321 926 475 1009 Sequanis
506 925 632 988 obsides
663 927 738 991 dare
761 929 976 995 nobilissimos

71 1031 207 1095 civitatis
230 1035 263 1093 et
284 1030 353 1093 iure
376 1028 510 1091 iurando
537 1029 735 1111 obstringere
760 1052 846 1113 sese,
870 1053 975 1117 neque

71 1133 200 1197 obsides
215 1132 408 1215 repetituros
423 1150 527 1212 neque
549 1137 763 1214 recusaturos,
787 1154 849 1216 quo
873 1136 976 1199 minus

71 1240 227 1321 perpetuo
245 1234 302 1298 sub
319 1233 447 1296 illorum
464 1232 590 1296 dicione
606 1239 701 1316 atque
713 1235 848 1319 imperio
861 1244 976 1302 essent.

72 1360 169 1402 unum
185 1357 255 1401 sese
270 1358 310 1401 ex
328 1336 413 1399 omni
430 1336 556 1399 civitate
573 1335 772 1419 Aeduorum,
791 1340 844 1422 qui
862 1340 977 1405 adduci
999 1365 1011 1403 s

71 1465 135 1507 non
149 1441 302 1526 potuerit,
318 1445 353 1503 ut
368 1441 487 1502 iuraret
503 1445 557 1501 aut
574 1438 702 1503 obsides
718 1440 824 1504 daret:
850 1443 889 1506 ob
907 1465 976 1508 eam
999 1467 1011 1505 o

72 1569 139 1611 rem
163 1567 197 1610 se
220 1545 401 1629 profugisse
418 1548 450 1607 et
464 1542 603 1606 Romam
619 1543 660 1606 ad
684 1550 828 1607 senatum
852 1547 976 1610 venisse

72 1649 225 1713 auxilium
253 1648 458 1731 postulatum.
510 1647 568 1710 sed
597 1648 688 1731 peius
717 1649 889 1713 victoribus
920 1650 1012 1714 Se-1o

73 1754 182 1838 quanis
206 1772 299 1835 quam
333 1749 456 1813 Aeduis
487 1751 578 1814 victis
609 1751 778 1834 accidisse,
807 1761 980 1837 propterea

74 1854 160 1940 quod
191 1853 389 1934 Ariovistus,
420 1874 479 1917 rex
509 1853 760 1935 Germanorum,
796 1856 828 1918 in
867 1877 978 1920 eorum

74 1959 187 2022 finibus
221 1954 418 2020 consedisset
446 1956 636 2039 tertiamque
656 1962 790 2040 ¹partem
818 1959 887 2041 agri
922 1960 978 2024 Se-

76 2061 185 2146 quani,
213 2059 267 2143 qui
290 2064 374 2121 esset
397 2059 535 2142 optimus
556 2060 654 2122 totius
672 2059 814 2143 Galliae,
845 2083 980 2147 oocupa-

76 2166 172 2230 risset
199 2169 231 2226 et
260 2183 344 2225 nunc
375 2160 414 2226 de
446 2163 547 2226 altera
575 2169 666 2247 parte
690 2164 783 2226 tertia
816 2164 981 2248 Sequanos

78 2267 235 2333 decedere
258 2267 393 2348 iuberet,
416 2272 589 2350 propterea
617 2265 704 2349 quod
733 2268 841 2350 paucis
864 2269 980 2332 mensi-

77 2371 133 2435 bus
157 2375 232 2434 ante
247 2369 417 2433 Harudum
439 2369 526 2431 milia
540 2368 706 2431 hominum
721 2393 794 2432 mv
808 2371 980 2452 venissent,

78 2474 190 2558 quibus
213 2472 303 2535 locus
332 2492 369 2535 ac
391 2470 484 2536 sedes
507 2476 704 2555 pararentur.
749 2469 888 2533 futurum
912 2493 1015 2536 essen

78 2578 186 2663 paucis
206 2577 306 2658 annis,
330 2577 376 2639 uti
391 2597 501 2639 omnes
524 2574 678 2637 Germani
696 2573 846 2638 Rhenum
868 2576 981 2638 transi-

78 2686 164 2745 rent:
183 2680 389 2763 nequeenim
408 2677 636 2742 conferendum
654 2696 724 2739 esse
737 2675 894 2739 Gallicum
911 2698 983 2740 cum

81 2783 313 2848 Germanorum
351 2802 428 2865 agro
461 2802 564 2864 neque
598 2781 680 2842 hanc
719 2779 984 2843 consuetudinem

80 2888 180 2950 rietus
211 2906 283 2948 eum
311 2886 376 2949 illa.
427 2884 626 2948 Ariovistum
658 2888 782 2962 autem,
816 2888 851 2943 ut
884 2883 1018 2946 semele

82 2988 249 3052 Gallorum
281 2990 388 3072 copias
410 2988 523 3052 vicerit
556 2985 656 3069 (quod
685 2986 844 3069 proelium
867 2985 984 3048 factum

82 3095 120 3156 sit
142 3092 182 3156 ad
207 3091 493 3174 Magetobrigam),
517 3088 653 3172 superbe
678 3093 710 3150 et
733 3087 903 3150 crudeliter
926 3088 984 3149 im·

82 3215 204 3280 peroro,
220 3194 348 3259 obsides
363 3193 551 3258 nobilissimi
561 3192 712 3273 cuiusque
724 3189 985 3272 liberosposoere

85 3301 168 3361 etin
193 3318 249 3360 eos
273 3298 380 3361 omnia
403 3295 552 3378 exempla
573 3294 686 3374 edere,
717 3293 743 3355 si
765 3313 826 3375 qua
849 3313 899 3354 res
921 3313 986 3354 non

85 3400 258 3464 adnutum
282 3407 336 3463 aut
358 3401 399 3464 ad
421 3401 621 3463 voluntatem
644 3396 711 3459 eius
734 3394 818 3458 facta
840 3394 888 3456 sit.
927 3394 1020 3456 ho-1a
