2332 3892
467 242 544 292 v111.
572 244 685 293 er-ae.
974 244 1036 306 227

124 415 219 480 hoste
245 414 372 497 deleto,
401 414 491 478 euius
513 415 630 479 timore
654 415 798 480 dividere
821 416 984 500 praesidia
1007 423 1040 481 et
1065 441 1077 478 a

123 520 303 584 munitione
328 519 509 604 oppidanos
532 519 733 584 circumdare
756 520 938 604 prohibitus
962 526 1041 602 erat,

126 644 228 709 opera
242 622 384 707 undique
400 623 538 707 imperat
553 621 777 687 administrari.
815 625 904 689 venit
926 624 1043 689 eodem
1066 648 1079 686 s

126 734 259 813 postero
291 728 343 792 die
376 727 412 792 O.
445 727 564 792 Fabius
591 733 781 812 partemque
814 729 925 814 oppidi
947 729 1044 794 sumit

130 832 171 896 ad
195 832 421 897 obsidendum.
1149 885 1151 889 ,

192 935 389 1001 XXXVIII.
415 935 534 1000 Caesar
549 936 677 1001 interim
694 936 738 1000 M.
752 936 931 1001 Antonium
946 959 1043 1022 quac·
1068 961 1078 998 1

133 1048 256 1106 storem
280 1062 352 1105 cum
375 1040 562 1104 cohortibus
576 1065 617 1105 xv
639 1042 673 1104 in
686 1039 869 1105 Bellovacis
884 1041 1045 1124 relinquit,

131 1167 238 1231 nequa
260 1165 369 1209 rursus
391 1164 550 1209 novorum
575 1144 781 1208 consiliorum
801 1144 934 1209 facultas
952 1145 1044 1211 dare-

127 1257 190 1316 tur.
211 1334 215 1342 ·
235 1251 307 1336 ipsc
333 1250 474 1334 reliques
497 1249 643 1314 civitates
666 1249 750 1332 adit,
783 1249 913 1314 obsides
935 1251 1044 1334 plures
1067 1281 1079 1319 a

125 1356 282 1439 imperat,
311 1353 462 1417 timentes
495 1354 637 1417 omnium
667 1354 791 1418 animos
821 1354 1043 1420 consolatione

126 1464 230 1524 sanat.
268 1478 340 1522 cum
363 1457 396 1520 in
413 1456 571 1522 Carnutes
587 1457 738 1540 venisset,
761 1457 849 1542 quod
869 1459 1078 1542 praecipuos

128 1583 187 1628 eos
219 1568 353 1648 propter
386 1561 616 1626 conscientiam
647 1561 722 1625 facti
753 1562 868 1626 timere
899 1562 1042 1627 animed-
1099 1578 1103 1583 “

126 1667 284 1752 vertebat,
307 1667 484 1752 principem
506 1665 635 1730 sceleris
650 1666 735 1730 illius
752 1673 785 1731 et
800 1667 1042 1749 concitatorem,

130 1771 335 1851 Gutruatum,
360 1752 516 1854 deposcit.
554 1772 619 1855 qui,
642 1771 703 1835 etsi
717 1792 758 1836 ne
776 1772 897 1836 civibus
913 1771 1044 1857 quidem
1066 1801 1080 1838 4

131 1898 166 1941 se
199 1876 438 1958 committebat,
467 1881 577 1939 tamen
615 1875 762 1940 celeriter
797 1877 939 1939 omnium
969 1898 1046 1940 cura

128 1979 293 2064 quaesitus
324 1979 357 2043 in
388 1984 491 2042 castra
527 1978 653 2062 cogitur
691 1999 863 2061 concursu,
894 1979 976 2044 adeo
1009 1986 1079 2046 ute

129 2081 319 2148 verberibus
349 2082 570 2147 exanimatum
602 2103 719 2167 corpus
749 2084 854 2147 securi
884 2084 1044 2148 feriretur.

193 2185 355 2250 XXXIX.
390 2185 519 2251 Crebris
550 2185 667 2251 litteris
698 2186 823 2250 Caninii
853 2186 888 2250 fit
917 2187 1079 2270 certior,1

128 2313 212 2377 quac
237 2292 277 2356 de
300 2292 468 2377 Drappete
492 2300 525 2355 et
547 2291 700 2356 Lucterio
724 2297 817 2375 gesta
840 2297 957 2374 essent,
980 2313 1044 2376 quo

130 2395 267 2460 consilio
288 2402 516 2480 permanerent
532 2396 695 2481 oppidani.
735 2418 872 2481 quorum
891 2397 952 2461 etsi
966 2417 1045 2481 pau·
1068 2423 1080 2461 a

130 2500 261 2564 citatem
284 2500 528 2583 contemnebat,
557 2508 666 2566 tamen
696 2503 903 2586 pertinaciam
928 2523 1047 2586 magna

128 2624 237 2689 poena
259 2602 470 2669 adficiendam
494 2605 674 2688 iudicabat,
704 2628 746 2672 ne
768 2609 919 2673 universa
942 2607 1048 2672 Gallia

129 2729 196 2773 non
218 2708 251 2772 ri
274 2709 490 2773 resistendum
512 2709 668 2774 Romanis
697 2712 755 2777 sed
786 2712 966 2776 constantia
987 2734 1045 2796 pu-

130 2819 225 2896 taret,
249 2835 322 2878 cum
345 2814 494 2879 omnibus
518 2815 620 2879 Gallis
643 2824 757 2880 notum
781 2837 852 2881 esse
875 2817 972 2880 sciret
994 2838 1045 2880 re·
1068 2842 1080 2880 a

130 2918 251 3004 liquam
273 2939 370 2982 unam
393 2925 560 3002 aestatem,
585 2941 681 3005 quam
704 2922 731 2985 si
747 2923 906 2987 sustinere
921 2922 1044 3006 potuis-

130 3028 211 3106 sent,
235 3022 360 3086 nullum
383 3023 468 3086 ultra
489 3024 669 3108 periculum
692 3031 891 3091 vererentur.
936 3026 1044 3108 itaque
1068 3050 1081 3087 4

133 3125 170 3201 Q.
188 3125 345 3191 Calenum
368 3126 513 3210 legatum
537 3149 609 3191 oum
632 3129 814 3213 legionibus
829 3127 968 3212 reliquit,
991 3130 1046 3214 qui

133 3229 222 3295 iustis
250 3230 418 3294 itineribus
458 3231 725 3316 subsequeretur3
757 3234 826 3317 ipse
856 3253 928 3296 eum
960 3234 1047 3296 omni

135 3335 277 3419 equitatu
310 3354 405 3418 quam
444 3340 552 3418 potest
589 3337 757 3400 celerrime
796 3335 837 3399 ad
876 3335 1045 3400 Caninium

137 3438 311 3504 contendit.
