2332 3892
417 252 480 303 v11.
510 255 619 304 ro-rr.
913 257 972 319 197

66 421 230 486 civitatem
254 422 322 486 eius
338 423 513 489 immunem
529 447 597 491 esse
614 427 758 510 iusserat,
781 429 852 490 iura
865 428 971 511 leges-

66 546 126 609 que
162 524 351 590 reddiderat
383 533 478 612 atque
509 529 585 614 ipsi.
601 530 744 594 Morinos
776 532 972 596 attribuerat.

64 636 174 696 tamen
194 631 363 695 universae
388 629 512 696 Galliae
540 635 707 698 consensio
738 634 797 698 fuit
819 635 972 698 libertatis
994 657 1007 696 a

64 733 277 800 vindicandae
302 739 334 798 et
355 734 507 818 pristinae
522 734 600 800 belli
614 736 718 800 laudis
734 736 972 822 reciperandae,

65 845 99 903 ut
139 858 247 922 neque
285 836 447 902 beneflciis
478 859 583 923 neque
619 839 779 904 amicitiae
817 843 972 906 memoria

64 946 271 1006 moverentur
283 960 457 1024 omnesque
468 942 573 1005 animo
586 947 618 1005 et
631 943 744 1026 opibus
759 944 792 1007 in
806 944 840 1007 id
850 945 971 1009 bellum

64 1045 297 1111 incumberent.
336 1044 455 1108 coactis
472 1045 615 1129 equitum
636 1071 688 1110 rm
709 1047 836 1112 milibus
861 1054 893 1113 et
914 1068 970 1132 pe·
992 1071 1005 1110 a

65 1151 168 1215 ditum
190 1149 316 1213 circiter
339 1171 392 1214 oen
414 1148 446 1212 in
469 1147 660 1218 Aeduorum
683 1149 799 1215 finibus
822 1171 971 1216 recense·

64 1256 194 1336 bantur3
218 1252 373 1338 praefecti
399 1252 673 1322 constituebantur
698 1253 860 1318 Commius
874 1254 971 1320 Atre·

63 1361 134 1442 bas,
158 1359 381 1423 Viridomarus
404 1363 437 1422 et
459 1357 663 1441 Eporedorix
685 1357 809 1440 Aedui,
832 1357 970 1422 Vercas-

63 1463 240 1529 sivellauno
269 1459 434 1544 Arverno,
464 1456 654 1526 consobrino
684 1461 970 1547 Vercingetorigis,

63 1587 189 1632 summa
211 1564 336 1649 imperii
351 1564 504 1627 traditur:
527 1563 577 1628 his
600 1563 717 1629 delecti
733 1586 775 1630 ex
792 1567 970 1631 civitatibus
992 1594 1005 1630 4

62 1669 288 1736 attribuuntur.
328 1687 439 1731 omnes
462 1668 583 1733 alacres
607 1673 639 1732 et
661 1668 796 1733 fiduciae
820 1669 908 1754 pleni
930 1671 970 1734 ad
993 1699 1005 1737 s

62 1774 208 1839 Alesiam
230 1771 473 1856 proficiscuntur
494 1793 600 1857 neque
628 1778 696 1837 erat
719 1773 861 1837 omnium
885 1775 970 1859 quis-

63 1899 171 1964 quam,
195 1875 249 1960 qui
272 1880 437 1959 aspectum
459 1879 567 1939 tantae
587 1875 799 1939 multitudinis
822 1879 970 1942 sustineri

63 1983 279 2048 arbitraretur.

125 2080 297 2150 LXXVII.
328 2079 374 2144 At
395 2080 428 2164 ii,
453 2081 507 2165 qui
530 2080 774 2164 obsidebantur,
796 2085 970 2167 praeterita
990 2110 1002 2150 1

62 2191 125 2272 die,
148 2208 212 2273 qua
235 2184 354 2249 auxilia
372 2188 646 2268 exspectaverant,
669 2191 857 2270 consumpto
883 2188 969 2250 omni

60 2288 222 2358 frumento
238 2288 338 2370 inscii,
360 2286 437 2372 quid
451 2287 484 2350 in
499 2285 623 2350 Aeduis
638 2295 816 2371 gereretur,
832 2290 966 2355 concilio

62 2401 174 2463 coacto
191 2392 424 2458 consultabant.
455 2391 551 2455 variis
568 2392 660 2455 dictis
674 2413 747 2476 pars
761 2392 968 2478 deditionem,
990 2419 1003 2457 a

60 2521 145 2587 pars,
162 2497 240 2562 dum
255 2495 341 2560 vires
356 2500 573 2579 suppeterent,
591 2496 793 2580 eruptionem
809 2500 967 2564 censebat.

60 2625 126 2669 non
148 2598 385 2687 praetereunda
418 2599 519 2662 oratio
545 2597 723 2681 Critognati
746 2606 878 2685 propter
902 2603 968 2667 eius

61 2707 257 2794 singularem
280 2708 313 2769 et
335 2702 488 2766 nefariam
504 2700 737 2765 crudelitatem.
775 2703 827 2767 hic
842 2726 966 2770 summo
990 2737 1003 2775 3
1086 2739 1088 2743 ·

60 2813 93 2878 in
113 2809 270 2877 Arvernis
294 2813 381 2871 ortus
404 2807 494 2888 loco,
516 2826 653 2888 magnae
677 2807 804 2871 babitus
828 2812 968 2873 auctori·

60 2917 134 2981 tatis
157 2910 256 2999 ,nihil‘
285 2911 387 2995 inquit
416 2909 468 2992 ,de
497 2930 610 2974 eorum
639 2910 799 2974 sententia
827 2911 967 2976 dicturus

62 3041 149 3102 sm,
183 3016 239 3100 qui
261 3014 476 3099 turpissimam
502 3008 691 3079 servitutem
713 3014 884 3079 deditionis
908 3037 966 3079 no-

63 3125 145 3189 mine
168 3119 345 3206 appellant,
367 3116 555 3202 neque-hos
579 3116 694 3180 civium
717 3117 787 3181 loco
812 3117 966 3183 adhiben-

65 3227 120 3292 dos
142 3244 270 3291 censeo.
315 3243 387 3286 oum
409 3221 458 3285 his
481 3221 559 3283 mibi
582 3241 633 3284 res
656 3221 715 3302 sit,
747 3221 802 3304 qui
825 3223 965 3305 eruptio·
987 3252 1000 3288 4

65 3351 135 3394 nem
162 3326 319 3414 probant3
352 3345 488 3409 quorum
514 3324 548 3387 in
573 3323 706 3387 oonsilio
736 3325 878 3387 omnium
909 3347 963 3390 ve-

67 3439 161 3497 strum
185 3450 342 3496 consensu
357 3428 510 3513 pristinae
536 3427 661 3489 virtutis
691 3427 846 3490 memoria
872 3427 962 3491 vidc-
