2332 3892
432 231 453 281 1.
481 232 593 281 as-ar.
927 229 967 292 25

59 424 153 487 quem
177 401 219 466 ad
249 401 382 466 modum
403 401 540 481 vellent,
570 403 778 485 imperarent:
808 402 886 464 item
907 421 966 485 po-

56 505 168 588 pulum
188 504 371 567 Romanum
388 504 481 567 victis
496 503 562 566 non
577 502 619 565 ad
638 503 767 567 alterius
789 504 965 588 praescrip·

57 614 124 671 tum
147 603 272 671 sed'ad
294 627 386 670 suum
408 607 573 670 arbitrium
598 607 756 690 imperare
782 628 964 672 consuesse.

57 712 81 773 si
103 711 174 795 ipse
197 710 318 794 populo
343 708 490 772 Romano
514 730 580 772 non
602 710 845 794 praescriberet,
869 731 966 795 quem
989 731 1001 768 a

58 812 254 876 admodum
278 833 335 875 suo
358 813 426 877 iure
449 820 611 896 uteretur,
634 835 699 878 non
723 820 872 899 oportere
896 836 965 879 sese

59 939 76 980 a
97 918 220 1002 populo
244 916 392 980 Romano
415 918 448 980 in
471 939 529 980 suo
553 918 620 981 iure
637 907 801 1002 impediri.
833 916 966 981 Aeduos
988 947 1001 984 a

58 1020 127 1102 sibi,
151 1019 303 1103 quoniam
325 1019 401 1083 belli
424 1020 584 1082 fortunam
600 1025 810 1104 temptassent
826 1025 858 1082 et
873 1020 967 1083 armis

59 1123 223 1206 congressi
254 1143 290 1184 ac
320 1124 461 1206 superati
491 1128 614 1205 essent,
644 1123 867 1208 stipendiarios
897 1145 966 1188 esse

59 1226 169 1289 iactos.
215 1247 363 1310 magnam
388 1226 559 1292 Gaesarem
589 1229 737 1290 iniuriam
761 1228 882 1308 facere,
913 1228 1001 1310 quir

59 1351 115 1392 suo
154 1329 295 1393 adventu
333 1329 502 1413 vectigalia
540 1330 600 1393 sibi
639 1330 801 1394 deteriora
837 1329 966 1393 faceret.

59 1434 183 1497 Aeduis
216 1455 249 1498 se
281 1433 407 1498 obsides
436 1432 636 1497 redditurum
659 1455 723 1497 non
747 1454 832 1513 esse;
862 1454 1002 1517 neqnes

59 1538 96 1599 iis
127 1557 234 1621 neque
264 1556 375 1600 eorum
406 1537 501 1600 sociis
524 1537 645 1602 bellum
668 1538 856 1618 inlaturum,
887 1537 967 1602 siin

60 1660 97 1703 eo
122 1645 311 1721 manerent,
344 1639 430 1722 quod
462 1640 679 1721 convenisset,
710 1639 966 1725 stipendiumque

61 1742 231 1826 quotannis
253 1741 451 1825 penderent;
482 1744 508 1806 si
530 1742 563 1804 id
586 1765 651 1806 non
673 1744 838 1824 fecissent,
869 1743 966 1826 longe

62 1845 96 1908 iis
125 1845 303 1908 fraternum
333 1865 452 1908 nomen
484 1845 594 1928 populi
627 1845 766 1909 Romani
797 1846 966 1910 afuturum.

61 1948 148 2032 quod
196 1948 257 2011 sibi
299 1947 417 2012 Caesar
456 1947 656 2012 denuntiaret
694 1945 736 2014 ‘se
778 1948 1002 2018 Aeduorumss

61 2052 190 2115 iniurias
213 2072 279 2114 non
301 2047 546 2136 neglecturum':
578 2052 739 2115 neminem
768 2072 878 2116 secum
900 2051 981 2115 sine>

60 2175 115 2217 sua
145 2154 288 2238 pernicie
317 2154 531 2219 contendisse.
583 2177 655 2219 cum
686 2156 801 2236 vellet,
832 2176 1002 2238 congre-r

61 2258 207 2322 deretur:
222 2257 469 2339 intellecturum,
485 2257 561 2342 quid
574 2259 683 2322 invicti
695 2257 857 2339 Germani,
874 2278 967 2321 exer-

60 2362 237 2426 citatissimi
259 2362 292 2424 in
313 2363 425 2444 armis,
445 2362 510 2446 ·qui
540 2362 623 2426 inter
653 2381 753 2425 annos
775 2385 826 2424 xrv
847 2366 968 2424 tectum

60 2484 121 2528 non
145 2465 314 2548 subissent,
338 2466 455 2529 virtute
478 2463 631 2549 possent‘

120 2566 299 2631 XXXVII.
353 2567 445 2632 Haeo
486 2568 603 2632 eodem
646 2574 792 2651 tempore
840 2566 1002 2635 ansari‘r

60 2670 211 2734 mandata
241 2669 461 2734 referebantur
491 2676 524 2733 et
554 2670 652 2753 legati
681 2670 720 2733 ab
743 2669 868 2734 Aeduis
894 2675 970 2733 eta

59 2772 207 2838 Treveris
231 2773 419 2838 veniebant:
446 2772 554 2837 Aedui
575 2778 732 2857 questum,
754 2773 841 2857 quod
862 2772 968 2835 Haru-
992 2802 1004 2840 a

61 2874 133 2957 des,
166 2876 221 2960 qui
249 2898 352 2961 nuper
380 2879 414 2941 in
444 2877 581 2942 Galliam
614 2879 822 2961 transportati
851 2883 968 2955 essent,

61 2979 136 3043 fines
168 2980 419 3063 popularentur:
452 3001 533 3062 ,sese
563 3001 603 3043 ne
641 2980 804 3044 obsidibus
839 2978 969 3062 quidem

63 3081 140 3145 datis
168 3103 283 3166 pacem
310 3082 469 3148 redimere
500 3081 669 3168 potuisse‘3
698 3079 832 3146 Treveri
861 3086 1003 3145 autema

62 3206 170 3270 ,pagos
201 3191 330 3252 centum
360 3186 537 3250 Sueborum
570 3184 611 3248 ad
640 3186 723 3269 ripas
754 3184 861 3248 Rheni
893 3204 968 3247 con-

64 3290 201 3372 sedisse,
236 3290 290 3373 qui
322 3288 455 3353 transire
493 3293 701 3368 conarentur3
740 3287 789 3350 his
820 3305 968 3370 praeesse

64 3391 201 3456 Nasuam
235 3397 268 3455 et
302 3391 499 3456 Cimberium
534 3389 667 3455 fratres‘.
724 3390 837 3474 quibus
873 3388 1004 3453 rebusr

114 3493 218 3533 caesuin
232 3491 321 3532 bellum
335 3492 455 3532 Gallicum.
797 3495 812 3542 2
