2332 3892
184 253 202 312 8
355 249 367 269 '
554 254 574 303 1.
604 256 714 304 11-13.

183 444 244 507 que
273 424 448 507 habebant,
480 426 556 509 fuga
585 447 618 490 se
649 426 688 488 ad
713 426 883 490 Gaesarem
913 429 1087 512 recipiunt:

148 528 252 608 a,sibi
273 535 400 611 praeter
423 530 492 612 agri
520 530 621 591 solum
650 530 728 592 nihil
752 551 821 593 esse
845 531 978 613 reliqui?
1020 532 1087 614 qui·

181 631 240 694 bus
272 632 365 694 rebus
397 631 553 695 adductus
584 631 703 695 Caesar
736 653 800 696 non
836 634 1087 716 exspectandum

182 734 241 797 sibi
264 736 382 816 statuit,
407 735 483 798 dum
507 736 653 799 omnibus
676 736 810 798 fortunis
829 737 988 798 sociorum
1013 757 1086 799 oon·

182 839 314 920 sumptis
346 839 379 900 in
401 838 559 902 Santonos
588 838 732 902 Helvetii
760 839 976 922 pervenirent.

147 956 158 993 1
245 942 321 1004 ΧΠ.
356 943 493 1006 Flumen
509 949 557 1006 est
573 943 665 1024 Arar,
689 942 775 1026 quod
790 964 849 1025 per
863 943 941 1005 fines
955 942 1087 1005 Aeduo-

181 1065 251 1107 rum
275 1051 307 1108 et
330 1044 551 1128 Sequanorum
574 1047 606 1108 in
630 1046 823 1109 Rhodanum
846 1046 961 1127 influit,
985 1046 1088 1108 inore-

183 1148 271 1211 dibili
287 1149 428 1230 lenitate,
452 1150 496 1212 ita
510 1157 545 1212 ut
563 1150 672 1230 oeulis,
696 1151 728 1212 in
744 1156 847 1213 utram
863 1156 987 1233 partem
1002 1151 1087 1230 fluat,

181 1252 313 1315 iudicari
343 1275 408 1316 non
430 1255 541 1336 possit.
586 1253 620 1316 id
642 1252 786 1317 Helvetii
817 1254 937 1316 ratibus
968 1273 1004 1314 ao
1028 1253 1087 1314 lin-

147 1357 281 1419 atribus
313 1357 426 1419 innotis
460 1357 645 1419 transibant.
691 1355 808 1420 Caesar
841 1356 956 1418 certior
987 1355 1087 1417 faetus

180 1466 245 1523 tres
275 1459 339 1522 iarn
367 1466 473 1543 partes
505 1462 667 1545 oopiarum
697 1461 866 1525 Helvetios
896 1461 1087 1542 traduxisse,

182 1570 326 1647 quartam
351 1565 429 1626 eitra
450 1565 569 1627 flumen
592 1585 678 1642 esse,
704 1563 743 1627 de
767 1564 861 1627 tertia
884 1564 993 1645 vigilia
1016 1585 1085 1626 oum

181 1667 361 1749 legionibus
389 1667 489 1730 tribus
512 1666 673 1750 profectus
697 1667 738 1728 ad
762 1688 833 1730 eam
861 1673 985 1750 partem
1014 1689 1086 1751 per-

147 1771 287 1852 avenit,
320 1792 400 1854 quae
432 1771 576 1834 nondum
600 1772 777 1833 transierat.
830 1791 885 1834 eos
914 1771 1087 1855 impeditos

182 1879 215 1936 et
243 1873 443 1957 inopinantes
474 1874 645 1956 adgressus
675 1894 823 1955 magnam
853 1880 977 1957 partem
1011 1895 1086 1936 oon-

181 1976 275 2057 cidit,
312 1977 426 2060 reliqui
465 1998 535 2041 sese
572 1978 665 2060 fugae
701 1976 891 2040 mandarunt
923 1984 1017 2060 atque
1054 1979 1087 2040 in

148 2101 160 2138 ι
181 2080 343 2162 proximas
366 2079 459 2143 silvas
482 2080 683 2144 abdiderunt.
720 2081 746 2144 is
769 2101 870 2164 pagus
895 2078 1086 2164 (appellatur

148 2184 368 2266 eTigurinus3
392 2204 467 2245 nam
493 2185 595 2247 omnis
618 2184 726 2247 oivitas
753 2184 785 2245 in
815 2187 963 2266 quattuor
985 2201 1086 2265 pagos

182 2286 283 2349 divisa
316 2285 377 2365 est)
413 2307 510 2367 unus,
557 2308 629 2349 oum
668 2286 762 2348 domo
804 2287 922 2348 exisset
959 2291 1084 2368 patrum

181 2396 362 2452 nostrorum
384 2388 546 2470 memoria,
570 2388 608 2451 L.
634 2388 778 2452 Cassium
801 2389 964 2451 consulem
987 2389 1083 2451 inter·

149 2511 160 2549 a
181 2492 301 2556 fecerat
317 2498 349 2556 et
365 2494 432 2556 eius
449 2491 626 2556 exereitum
648 2490 705 2553 sub
726 2491 835 2574 iugum
858 2491 996 2553 miserat.
1042 2492 1084 2553 ita

182 2599 248 2661 sive
271 2618 345 2661 oasu
360 2598 426 2660 sive
444 2597 575 2660 oonsilio
597 2595 732 2658 deorum
753 2594 980 2675 inmortalium,
1004 2614 1084 2677 quae

163 2721 254 2783 pars
269 2700 427 2782 insignem
450 2700 664 2763 calamitatem
686 2699 806 2782 populo
830 2697 977 2760 Romano
1000 2699 1084 2760 intu-

149 2804 277 2884 rlerat,
304 2824 341 2866 ea
369 2803 517 2886 princeps
540 2823 662 2886 poenas
687 2800 852 2885 persolvit.
897 2821 959 2884 qua
988 2801 1021 2863 in
1049 2822 1083 2863 re

183 2906 300 2970 Caesar
328 2928 392 2970 non
423 2907 525 2969 solum
557 2906 699 2989 publicas
727 2902 786 2968 sed
818 2903 914 2966 etiam
945 2904 1084 2986 privatas

182 3010 312 3073 iniurias
346 3011 430 3072 ultus
463 3016 527 3091 est,
557 3009 643 3093 quod
674 3009 741 3072 eius
773 3006 876 3070 sooeri
898 3006 935 3068 L.
958 3007 1084 3069 Pisonis

183 3135 293 3195 avum,
328 3114 365 3176 L.
405 3114 557 3176 Pisonem
592 3114 748 3195 legatum,
786 3109 931 3192 Tigurini
968 3108 1082 3171 eodem

182 3218 305 3302 proelio
331 3238 392 3300 quo
418 3217 560 3280 Cassium
583 3215 817 3280 interfecerant.

150 3353 161 3390 1
246 3321 340 3384 ΧΙΙΙ.
373 3320 447 3384 Hoo
469 3320 590 3404 proelio
613 3319 695 3382 facto
719 3318 856 3401 reliquas
880 3318 987 3400 copias
1003 3317 1082 3380 Hel-

183 3426 341 3489 vetiorum
369 3430 404 3486 ut
433 3424 584 3507 consequi
611 3428 735 3506 posset,
766 3427 898 3504 pontem
927 3421 959 3483 in
980 3419 1082 3483 Arare
