2332 3892
423 244 478 294 ·111.
509 242 620 293 25-28.
929 247 968 308 75

54 419 256 498 pugnaretur
279 415 406 501 telaque
429 437 493 480 non
517 415 635 479 frustra
657 414 855 496 acciderent,
880 417 968 501 equi-

53 524 106 582 tes
145 520 319 601 circumitis
358 521 468 584 castris
502 520 617 584 Crasso
648 523 871 586 renuntiarunt
894 537 1003 603 ,nous

55 621 174 686 eadem
197 644 268 688 esec
292 623 460 707 diligentia
482 624 521 689 ab
546 624 723 688 decumana
738 631 832 710 porta
847 625 970 688 munita

53 725 248 810 facilemque
272 725 416 792 aditum‘.

122 828 248 892 XXVI.
292 829 425 894 Crassus
465 831 647 915 praefectos
687 832 893 915 cohortatus,
934 839 1004 896 ut1

55 933 183 1014 magnis
210 934 361 1017 praemiis
395 935 745 1020 pollicitationibusque
777 959 852 1001 suos
882 938 969 1002 cxci-

56 1042 176 1118 tarent,
200 1035 276 1120 quid
298 1037 368 1102 ficri
391 1038 479 1120 velit,
504 1038 655 1102 ostendit.
693 1039 750 1121 illi,
773 1045 809 1102 ut
827 1045 896 1105 erat
911 1041 1004 1103 im-²

54 1145 221 1223 peratum,
256 1139 378 1219 eductis
394 1142 445 1215 ‚iis
469 1141 669 1223 cohortibus,
699 1161 780 1225 quac
806 1141 968 1226 praesidio

56 1244 170 1307 castris
192 1243 324 1308 relictae
348 1244 475 1334 intritae
499 1244 539 1307 ab
569 1245 680 1309 labore
705 1251 813 1324 erant,
844 1250 876 1309 ct
898 1247 969 1309 lon-

56 1349 149 1430 giore
182 1346 296 1412 itinere
327 1347 567 1430 circumductis,
599 1369 639 1412 ne
664 1348 806 1432 conspici
827 1355 970 1433 possent,

57 1452 204 1515 omnium
227 1451 328 1514 oculis
357 1451 581 1535 mentibusque
611 1451 652 1514 ad
674 1472 816 1535 pugnam
838 1451 969 1516 intentis

55 1554 145 1639 prius
168 1554 201 1616 in
224 1554 363 1617 hostiurn
388 1554 499 1617 castris
516 1554 730 1618 constiterunt
745 1576 840 1639 quarn
863 1555 968 1638 plane,
989 1566 1002 1604 ³

56 1655 135 1741 quid
166 1656 214 1719 rei
242 1663 428 1740 gereretur,
459 1658 612 1741 cognosci
640 1663 760 1742 posset.
800 1663 868 1721 tum
889 1678 1003 1722 veroa

57 1762 199 1826 clamore
230 1761 270 1826 ab
300 1782 339 1825 ca
366 1766 457 1845 parte
486 1760 595 1824 audito
619 1762 719 1825 nostri
741 1760 969 1845 redintegratis
998 1794 1003 1827 ;

56 1864 197 1945 viribus,
229 1863 317 1948 quod
346 1865 534 1948 plerumque
564 1866 599 1927 in
628 1886 684 1949 spe
708 1864 861 1929 uictoriae
885 1863 968 1926 acci·

57 1967 136 2032 dere
161 1967 344 2049 consucvit,
378 1967 481 2057 acrius
510 1967 705 2051 inpugnare:
735 1966 845 2029 hostes
874 1965 1002 2028 undis

57 2092 120 2157 que
157 2070 366 2135 circumventi
401 2069 578 2155 desperatis
617 2069 763 2134 omnibus
799 2068 896 2132 rebus
932 2089 967 2132 se

55 2195 118 2259 per
139 2174 333 2238 munitiones
363 2172 491 2237 deicere
521 2178 554 2236 et
581 2172 657 2256 fuga
679 2174 815 2236 salutem
844 2177 967 2256 petere.

56 2298 138 2361 quos
175 2277 334 2369 equitatus
372 2277 578 2362 apertissimis
611 2277 730 2360 campis
767 2280 1001 2357 consectatum

56 2372 180 2444 milium
203 2404 237 2463 n,
267 2400 349 2466 quae
373 2401 416 2444 ex
436 2379 606 2463 Aquitanis
631 2378 861 2462 Cantabrisque
891 2373 967 2441 oon-

57 2482 203 2563 stabant,
232 2482 288 2546 vix
309 2488 421 2567 quarta
443 2488 533 2566 parte
556 2482 669 2546 relicta
692 2482 792 2545 multa
813 2488 909 2545 nocte
933 2503 967 2546 se

56 2584 91 2647 in
112 2590 218 2648 castra
240 2587 372 2670 recepit.

121 2687 265 2752 XXVII.
311 2689 383 2753 Hac
420 2689 530 2753 audita
565 2710 675 2774 pugna
717 2690 856 2753 maxima
893 2709 1001 2772 parsr

55 2789 251 2873 Aquitaniae
274 2812 344 2856 sese
371 2791 485 2856 Crasso
511 2791 651 2872 dedidit;
682 2814 744 2875 quo
776 2793 809 2855 in
832 2811 965 2854 numero

56 2894 187 2958 fuerunt
209 2895 366 2978 Tarbelli,
397 2895 622 2979 Bigerrioncs,
649 2896 785 2977 Ptianii,
814 2895 966 2977 Vocatcs,

56 2994 245 3079 Tarusates,
268 2997 434 3081 Elusates,
456 2998 575 3079 Ausci,
599 2997 767 3080 Garumni,
791 2998 966 3079 Sibuzatcs,

57 3082 254 3180 Cocosates3
285 3121 406 3184 paucae
435 3100 566 3165 ultimae
598 3101 745 3165 nationes
777 3100 851 3163 anni
884 3105 1000 3163 tem-a

55 3220 136 3283 pore
173 3202 332 3285 confisae,
365 3202 452 3288 quod
486 3202 588 3266 hiems
626 3203 773 3285 suberat,
810 3201 966 3284 neglexe-

55 3309 140 3364 runt.

121 3405 283 3470 XXVIII.
328 3407 454 3471 Eodem
486 3408 553 3470 fere
583 3413 748 3510 tcmpom,
779 3407 840 3471 etsi
865 3427 1001 3490 prope1

715 3503 719 3512 .
772 3507 812 3559 ὁ*
