2332 3892
390 258 424 321 a„
447 224 497 276 111.
526 228 602 278 6-8.
931 216 979 288 63

60 403 159 464 tatem
191 399 385 486 relinquunt.
429 399 475 464 ita
513 396 712 464 commutata
744 399 871 463 fortuna
905 419 1006 480 eos,qc

59 502 113 588 qui
144 504 179 567 in
211 525 303 588 spem
334 502 563 588 potiundorum
597 510 773 567 castrorum
808 491 1013 583 venerant,

58 605 204 692 undique
237 608 471 673 circumventos
500 628 542 672 ex
571 608 699 670 milibus
728 606 864 690 amplius
896 629 978 686 xxx,

58 731 157 795 quem
187 731 358 775 numerum
391 710 598 775 barbarorum
634 710 675 775 ad
714 716 817 774 castra
846 708 971 772 venisse
1030 724 1032 729 '

60 814 248 897 constabat,
292 815 364 898 plus
412 815 507 878 tertia
550 819 640 899 parte
684 813 852 877 interfecta
896 810 970 874 reli·

58 938 140 1003 qnos
173 917 362 1002 perterritos
395 917 428 980 in
460 917 569 1000 fugam
602 917 763 980 coniciunt
796 936 832 980 ao
863 934 905 978 ne
938 914 970 976 in
1027 945 1033 965 ι

58 1022 140 1086 locis
174 1020 304 1106 quidem
340 1021 557 1105 superioribus
590 1020 765 1083 consistere
797 1017 971 1103 patiuntur.

60 1124 105 1188 sic
130 1123 277 1188 omnibus
299 1120 441 1187 hostium
459 1122 559 1207 copiis
582 1121 659 1184 fusis
683 1123 842 1206 armisque
865 1121 970 1185 exutis
992 1146 1004 1184 a

60 1248 94 1291 se
131 1226 300 1310 recipiunt.
344 1246 407 1310 quo
440 1224 564 1309 proelio
594 1224 697 1306 facto,
728 1223 815 1308 quod
844 1225 1004 1308 saepiusc

60 1331 221 1396 fortunam
244 1334 401 1413 temptare
419 1328 522 1393 Galba
544 1326 676 1391 nolebat
691 1334 786 1411 atque
807 1328 869 1390 alio
894 1347 969 1391 oon·

61 1435 280 1516 ciliovenisse,
299 1434 369 1498 aliis
380 1434 554 1498 occurrisse
568 1433 664 1497 rebus
681 1431 814 1513 viderat,
830 1433 971 1497 maxime

60 1540 213 1605 frumenti
235 1546 496 1623 commeatusque
520 1536 628 1622 inopia
649 1546 815 1622 permotus
838 1544 968 1623 postero

62 1643 115 1709 die
140 1643 288 1707 omnibus
311 1643 462 1708 aedificiis
478 1643 615 1707 incensis
631 1643 663 1706 in
678 1645 876 1727 provinciam
892 1664 968 1707 con·

62 1746 169 1813 tendit
197 1767 234 1811 ac
264 1747 352 1811 nullo
384 1746 576 1831 prohibente
606 1753 660 1810 aut
688 1749 750 1813 iter
780 1748 1003 1812 demorantur

64 1851 261 1916 incolumem
283 1850 446 1933 legionem
468 1851 502 1914 in
516 1847 703 1930 Nantuates,
726 1849 802 1913 iude
825 1851 859 1913 in
874 1850 966 1915 Allo·

64 1954 182 2037 broges
204 1942 356 2037 perduxit
378 1954 485 2037 ibique
508 1953 669 2017 hiemavit.

127 2056 205 2120 VII.
236 2055 318 2121 Oum
335 2056 454 2121 anear
469 2058 501 2121 in
517 2056 681 2142 Illyricum
695 2058 857 2142 profectus
873 2066 968 2141 esset,
990 2091 1002 2130 ι

62 2159 149 2246 quod
187 2180 241 2223 eas
274 2180 402 2244 quoque
439 2159 585 2224 nationes
623 2159 711 2223 adire
750 2166 783 2224 et
819 2161 968 2244 regiones

63 2282 258 2348 cognoscere
280 2264 419 2345 volebat,
442 2263 581 2326 subitum
604 2264 724 2327 bellum
747 2271 893 2328 coortum
909 2271 967 2329 est.

64 2369 129 2431 eius
153 2367 232 2432 haec
254 2367 314 2431 fuit
330 2388 433 2431 causa.
473 2367 510 2431 P.
528 2365 661 2431 Crassus
685 2367 871 2431 adulescens
895 2388 1001 2442 cum2

64 2472 190 2556 legione
213 2497 262 2536 un.
279 2472 555 2557 proximus-mare
580 2472 612 2535 in
627 2470 773 2534 Andibus
796 2471 966 2539 hiemabat.

63 2573 100 2657 is,
123 2574 212 2659 quod
234 2574 266 2639 in
290 2575 338 2638 his
361 2575 440 2639 locis
463 2574 572 2658 inopia
594 2575 744 2638 frumenti
767 2582 844 2657 erat,
873 2597 965 2659 prae·
988 2610 1000 2648 2

63 2677 162 2743 lectos
185 2678 394 2763 tribunosque
417 2679 554 2742 militum
570 2679 751 2762 complures
767 2679 799 2741 in
818 2678 966 2744 finitimas

63 2782 206 2844 civitates
230 2780 365 2861 dimisit;
393 2801 455 2865 quo
479 2781 511 2844 in
534 2801 668 2844 numero
693 2786 742 2843 est
764 2780 800 2844 T.
824 2781 1001 2855 Terram-4

64 2881 131 2945 dius
161 2883 275 2946 missus
305 2884 338 2947 in
367 2883 524 2964 Esubios,
554 2885 599 2947 M.
628 2884 762 2948 Trebius
794 2883 903 2948 Gallus
932 2887 966 2950 in

63 2983 281 3066 Ouriosolitas,
306 2984 344 3060 Q.
359 2986 515 3050 Velanius
532 3008 604 3051 oum
618 2988 654 3051 T.
671 2987 748 3051 Silio
765 2987 796 3049 in
809 2987 965 3054 Venetos.

124 3088 218 3152 VIII.
260 3088 365 3152 Huius
396 3096 445 3154 est
475 3090 610 3159 civitatis
643 3090 742 3173 longe
772 3092 998 3175 amplissima1

62 3195 249 3274 auctoritas,
280 3193 367 3277 quod
388 3199 421 3258 et
450 3214 549 3257 naves
579 3193 698 3256 habent
727 3191 894 3277 plurimas,
933 3203 965 3261 et

63 3295 193 3360 scientia
226 3300 322 3378 atque
356 3315 416 3360 usu
450 3303 617 3360 nautarum
646 3295 841 3360 antecedunt
871 3304 904 3360 et
932 3300 964 3364 in

61 3417 175 3482 magno
199 3399 324 3482 impetu
346 3400 440 3463 maris
463 3401 573 3484 paucis
602 3399 746 3484 portibus
778 3398 963 3486 interiectis,

769 3500 810 3551 4*
