2332 3892
474 225 550 275 VIII.
579 226 691 276 21-23.
978 224 1040 285 219
1070 240 1072 243 ’

188 397 285 461 XXI.
314 398 388 462 Hoc
405 396 551 461 omnibus
567 398 703 481 probato
722 397 886 462 Commius
901 396 1049 462 Atrebas,
1064 427 1074 464 1

126 504 217 588 fugit.
258 503 358 567 ceteri
380 523 398 565 e
421 502 558 587 vestigio
582 496 713 567 niittunt
736 502 777 566 ad
802 501 973 566 Caesarem
996 503 1041 565 le·
1064 514 1076 551 2

127 614 219 691 gatos
238 612 415 691 petuntque
440 612 485 688 ,ut
507 626 546 669 ea
564 626 671 689 poena
687 607 728 669 sit
744 613 923 688 contentus,
948 618 1043 689 quam

127 713 194 775 sine
218 709 425 774 dimicatione
441 709 558 773 inferre
575 709 707 792 integris
723 731 781 794 pro
799 731 856 774 sua
873 711 1043 774 clementia

127 824 222 901 atque
245 816 444 880 humanitate
467 835 641 899 numquam
664 815 808 898 profecto
833 823 952 898 posset.
987 815 1076 878 ssd-³

124 923 228 986 fliotas
259 942 338 1005 opes
368 921 507 1004 equestri
536 921 660 1004 proelio
684 903 931 986 Bellovacorum
955 940 1041 999 esse;

127 1025 330 1090 delectorum
352 1025 498 1109 peditum
520 1025 622 1088 multa
637 1025 726 1088 milia
741 1025 899 1106 interisse,
922 1025 978 1087 vix
993 1045 1042 1087 re·

126 1131 250 1215 fugisse
274 1130 404 1194 nuntios
421 1129 539 1193 caedis.
571 1151 735 1213 magnum,
759 1136 794 1192 ut
809 1130 946 1193 intanta
962 1129 1043 1193 cala·
1065 1136 1075 1172 ⁴

127 1234 258 1314 mitate,
288 1232 480 1298 Bellovacos
511 1254 549 1296 eo
578 1233 703 1316 proelio
734 1233 940 1297 commodum
970 1255 1044 1298 con·

127 1344 273 1419 secutos,
306 1336 391 1420 quod
422 1336 576 1420 Correus,
606 1343 717 1401 auctor
745 1337 837 1419 belli,
869 1338 1045 1402 concitator

126 1441 363 1523 multitudinis,
399 1447 485 1504 esset
516 1440 721 1504 interfectus:
752 1462 926 1524 numquam
959 1443 1043 1506 enim

126 1553 278 1611 senatum
306 1551 431 1609 tantum
459 1545 494 1608 in
524 1545 653 1608 civitate
682 1545 737 1608 illo
767 1545 859 1626 vivo,
892 1553 1044 1628 quantum

125 1651 313 1735 imperitam
335 1649 474 1733 plebem,
497 1645 663 1731 potuisse‘

194 1753 307 1817 XXII.
345 1753 438 1817 Haec
471 1753 634 1817 orantibus
665 1753 781 1837 legatis
814 1763 1078 1818 commemorat1

128 1859 265 1924 Caesar:
297 1857 424 1939 ,eodem
454 1864 600 1940 tempore
631 1858 795 1941 superiore
826 1879 909 1922 anno
936 1859 1044 1923 Bello-

126 1983 227 2028 vacos
252 1967 437 2044 ceterasque
462 1960 587 2025 Galliae
611 1961 756 2024 civitates
780 1963 959 2045 suscepisse
977 1963 1045 2026 bel-

126 2069 212 2148 lum3
236 2066 490 2151 pertinacissime
514 2086 557 2128 ex
581 2067 728 2130 omnibus
750 2068 784 2130 in
800 2069 958 2132 sententia
973 2089 1045 2152 per-

128 2171 288 2237 mansisse
303 2191 408 2253 neque
425 2168 466 2232 ad
483 2170 653 2233 sanitatem
668 2171 863 2253 reliquorum
881 2170 1044 2235 deditione
1135 2238 1137 2243 ,

128 2296 203 2340 esse
227 2263 411 2359 perductos.
444 2274 525 2337 scire
548 2281 643 2356 atque
662 2274 851 2357 intellegere
868 2295 902 2336 se
919 2295 1047 2337 causam
1068 2289 1080 2326 2

128 2378 256 2463 peccati
278 2378 429 2442 facillime
453 2377 587 2441 mortuis
604 2376 757 2461 delegari.
789 2378 953 2441 neminem
968 2398 1045 2442 vero

127 2490 257 2547 tantum
278 2484 418 2567 pollere,
450 2489 485 2545 ut
507 2481 616 2546 invitis
638 2481 851 2564 principibus,
876 2481 1046 2544 resistente

129 2594 255 2667 senatu,
274 2587 421 2652 omnibus
437 2586 531 2650 bonis
546 2583 799 2669 repugnantibus
815 2584 940 2647 infirma
951 2606 1048 2647 manu

128 2693 235 2778 plebis
258 2692 380 2757 bellurn
404 2692 564 2756 concitare
589 2696 621 2752 et
644 2709 757 2772 gerere
781 2696 907 2771 posset3
940 2696 1047 2751 tamen

130 2804 319 2863 contentum
342 2797 410 2861 fore
436 2817 474 2860 ea
497 2817 613 2878 poena,
638 2816 733 2878 quam
756 2794 817 2857 sibi
839 2794 901 2877 ipsi
925 2801 1049 2856 contra·

131 2898 277 2966 nissentf

195 3004 326 3068 XXIII.
357 3003 463 3067 Nocte
493 3002 675 3084 insequenti
704 3001 803 3083 legati
830 3020 984 3080 responsa
1008 2997 1082 3060 adr

134 3129 207 3174 suos
235 3109 389 3173 referunt.
436 3113 628 3171 concurrunt
654 3105 849 3188 reliquarum
872 3104 1065 3166 eivitatium,

134 3213 241 3297 legati,
261 3233 343 3297 quae
359 3211 607 3275 Bellovacorum
624 3208 871 3292 speculabantur
888 3213 1048 3270 eventum.

136 3317 289 3400 imperata
318 3315 440 3379 faciunt
472 3322 609 3397 excepto
636 3313 799 3394 Commio,
830 3333 925 3395 quem
954 3312 1083 3374 timore

138 3420 326 3502 prohibebat
348 3418 424 3482 fidei
449 3439 539 3481 suam
564 3418 764 3481 committere
789 3417 934 3479 salutem.
975 3436 1083 3478 name
