2332 3892
168 262 210 324 34
540 261 562 311 1.
589 262 702 315 45-47.

168 436 306 513 senatus,
330 431 464 496 liberam
488 431 607 497 debere
631 453 711 515 esse,
735 455 830 518 quam
850 434 936 499 bello
959 437 1076 501 victam

167 534 232 598 suis
255 536 380 617 legibus
403 537 449 600 uti
472 534 647 600 voluisset‘

134 653 145 692 1
231 638 350 702 XLVI.
395 639 482 703 Dum
520 640 600 703 haec
637 640 669 705 in
703 640 873 724 conloquio
911 647 1075 724 geruntur,

171 741 300 806 Caesari
328 745 508 807 nuntiatum
537 749 585 808 est
617 743 739 826 equites
762 742 916 807 Ariovisti
945 745 1075 828 propius

168 847 325 909 tumulum
369 847 524 912 accedere
563 855 595 912 et
631 847 672 910 ad
715 853 842 911 nostros
879 847 1074 932 adequitare,

134 949 290 1033 rupices
312 950 440 1035 telaque
468 952 625 1016 conicere.
659 951 778 1016 Caesar
800 951 953 1036 loquendi
980 951 1077 1015 finem

130 1074 134 1083 ·
167 1052 242 1115 facit
277 1074 375 1137 seque
407 1055 531 1139 recepit
562 1055 692 1139 suisque
722 1055 908 1138 imperavit,
946 1054 1076 1139 nequod

133 1156 297 1219 somnino
340 1156 440 1221 telum
472 1157 640 1221 reicerent.
696 1177 770 1221 nam
809 1157 869 1220 etsi
907 1157 975 1220 sine
1008 1158 1074 1221 ullo

40 1291 42 1295 ·
166 1260 309 1346 periculo
332 1260 470 1343 legionis
493 1260 638 1325 delectae
662 1280 734 1323 cum
751 1261 894 1344 equitatu
916 1260 1075 1344 proelium

167 1366 235 1429 fore
258 1364 404 1448 videbat,
428 1371 535 1429 tamen
559 1363 823 1429 committendum
844 1383 909 1431 non
931 1363 1073 1447 putabat,

168 1475 204 1532 ut
225 1469 327 1553 pulsis·
346 1468 492 1533 hostibus
514 1467 576 1532 dici
592 1472 702 1550 posset
724 1487 780 1531 eos
800 1467 922 1550 perfide
939 1468 1074 1531 circum·

29 1573 34 1582 ’
134 1578 291 1636 (νθηῐοε.
343 1578 552 1656 posteaquam
575 1571 607 1634 in
629 1571 744 1655 vulgus
764 1571 884 1635 elatum
907 1577 975 1653 est,
1012 1593 1075 1657 que

167 1674 356 1756 adrogantia
379 1671 559 1737 Ariovistus
582 1694 658 1736 usus
681 1675 769 1738 omni
792 1673 895 1737 Gallia
916 1673 1073 1740 Romanis

106 1833 107 1836 ,
166 1777 386 1842 interdixisset
415 1777 633 1862 impetumque
668 1777 736 1842 eius
770 1778 893 1863 equites
924 1778 1075 1843 fecissent

169 1903 270 1966 eaque
292 1900 344 1945 res
368 1880 573 1965 conloquium
603 1879 802 1963 diremisset,
838 1881 939 1945 multo
972 1883 1074 1947 maior

168 1986 312 2049 alacritas
350 1983 554 2083 studiumque
586 1983 751 2068 pugnandi
788 1985 943 2050 exercitui
974 1987 1073 2051 iniec·

167 2090 237 2153 tum
259 2094 317 2153 est.

133 2225 146 2268 1
232 2191 368 2256 XLVII.
401 2191 506 2255 Biduo
529 2196 604 2276 post
623 2191 804 2256 Ariovistus
819 2192 944 2277 legatos
958 2193 1072 2259 mittit:

168 2297 261 2378 ,velle
299 2317 352 2377 se,
388 2294 429 2359 de
462 2294 512 2358 his
545 2295 656 2375 rebus,
694 2316 776 2379 quae
813 2296 896 2359 inter
927 2316 983 2360 eos
1021 2298 1074 2381 agi

167 2405 301 2485 coeptae
324 2419 430 2484 neque
451 2398 615 2483 perfectae
640 2404 764 2481 essent,
792 2400 842 2463 uti
872 2404 927 2462 aut
957 2399 1074 2463 iterum

168 2503 338 2588 conloquio
386 2501 474 2566 diem
519 2501 727 2567 constitueret
770 2508 839 2586 aut,
887 2503 914 2567 si
958 2503 1073 2585 minus,

133 2627 186 2677 ro
222 2607 285 2671 suis
319 2607 458 2691 aliquem
496 2604 538 2668 ad
573 2626 608 2670 se
643 2603 806 2670 mitteret‘
857 2605 1075 2690 conloquendi

169 2709 298 2775 Caesari
326 2729 422 2773 causa
451 2707 520 2772 visa
548 2727 614 2770 non
643 2713 692 2772 est
715 2713 748 2772 et
771 2728 809 2772 eo
834 2708 953 2792 magis,
986 2708 1073 2792 quod

167 2811 270 2898 pridie
297 2814 365 2876 eius
380 2809 445 2874 dici
462 2809 614 2875 Germani
640 2811 770 2877 retineri
795 2833 861 2876 non
884 2817 1071 2896 potuerant3

133 2946 146 2986 a
167 2915 311 2997 legatum
334 2933 376 2978 ex
397 2911 462 2975 suis
486 2933 556 2977 sese
586 2934 703 2998 magno
728 2935 800 2978 cum
821 2914 964 2999 periculo
996 2915 1072 2977 mis·

133 3039 276 3087 esurum
322 3022 355 3080 et
395 3016 578 3080 hominibus
615 3017 692 3082 feris
731 3017 947 3083 obiecturum:
984 3037 1072 3080 com·

168 3120 404 3200 modissimum,
435 3118 471 3183 O.
491 3119 656 3184 Valerium
680 3121 865 3204 Procillum,
891 3120 926 3186 0.
948 3119 1072 3185 Valerii

168 3222 286 3287 Caburi
306 3222 418 3304 filium,
440 3243 564 3287 summa
585 3224 701 3288 virtute
725 3230 758 3288 et
772 3225 969 3288 humanitate
992 3222 1070 3287 adu-

166 3325 350 3407 lescentem,
376 3324 464 3389 cuius
485 3331 578 3410 pater
599 3347 619 3390 a
642 3326 677 3392 0.
700 3326 832 3393 Valerio
853 3329 970 3393 Flacco
994 3328 1070 3391 civi-

167 3434 233 3493 tate
257 3427 393 3492 donatus
424 3433 507 3511 erat,
540 3434 573 3492 et
594 3434 726 3514 propter
753 3430 851 3496 fidem
877 3436 909 3494 et
937 3433 1071 3515 propter
