2332 3892
171 272 212 333 84
529 271 578 322 IV.
608 273 718 322 14-16.
749 221 751 227 Ι

135 468 148 508 a
170 443 224 527 qui
247 448 280 506 et
295 443 460 508 celeritate
485 444 642 509 adventus
663 445 766 508 nostri
789 451 822 509 et
839 443 982 508 discessu
1005 464 1077 508 suo·

168 569 240 611 rum
263 567 368 632 neque
392 548 516 611 consilii
537 547 679 611 habendi
701 567 806 631 neque
825 568 915 610 arma
930 546 1079 631 capiendi

170 651 272 736 spatio
304 651 379 714 dato
405 650 652 734 perturbantur,
685 652 835 735 copiasne
868 650 1007 714 educere
1040 672 1079 714 an

171 759 275 818 castra
303 753 478 817 defendere
508 774 549 817 an
577 753 652 834 fuga
679 753 816 817 salutem
842 758 955 837 petere
985 773 1078 837 prae·

136 862 279 922 astaret.
317 878 452 940 quorum
483 858 580 921 timor
608 878 680 920 cum
709 857 851 943 fremitu,
867 862 900 920 et
923 876 1080 921 concursu
1145 885 1147 890 ·

171 960 411 1044 significaretur,
435 961 552 1024 milites
574 961 699 1045 pristini
723 960 786 1026 diei
808 961 942 1046 perfidia
956 960 1080 1025 incitati

136 1065 368 1148 rinruperunt.
406 1065 461 1147 qui
484 1064 633 1129 celeriter
656 1086 744 1128 arma
762 1085 879 1148 capere
893 1071 1079 1149 potuerunt,

171 1168 336 1252 paulisper
365 1168 551 1232 restiterunt
579 1175 674 1252 atque
704 1169 790 1232 inter
811 1188 919 1231 carros
941 1168 1080 1252 impedi-

137 1277 344 1354 smentaque
386 1272 546 1355 proelium
590 1272 836 1352 commiserunt;
880 1276 913 1334 at
956 1272 1082 1356 reliqua

171 1374 343 1438 multitudo
366 1395 551 1459 puerorum,
573 1375 744 1439 mulierum
769 1373 856 1454 (nam
879 1394 951 1437 cum
976 1374 1080 1437 omni·

170 1480 230 1544 bus
263 1480 328 1542 suis
365 1477 462 1541 domo
487 1484 692 1542 excesserant
725 1476 940 1560 Rhenumque
974 1482 1078 1540 trans-

170 1583 286 1664 ierant)
320 1583 439 1666 passim
478 1582 609 1664 fugere3
647 1581 688 1644 ad
725 1602 807 1665 quos
845 1581 1082 1645 consectandos

173 1687 291 1752 Caesar
314 1686 490 1768 equitatum
514 1685 608 1748 misit.

137 1817 148 1856 1
236 1789 310 1853 XV.
347 1786 499 1851 Germani
521 1793 596 1872 post
614 1788 754 1853 clamore
771 1788 890 1871 audito,
915 1811 988 1854 cum
1005 1811 1081 1855 suos

171 1893 308 1957 interfici
331 1891 494 1982 viderent,
525 1892 620 1955 armis
649 1892 781 1956 abiectis
812 1892 974 1978 signisque
998 1894 1081 1958 mili-

137 1997 292 2062 rtaribus
324 1995 445 2059 relictis
474 2015 508 2058 se
539 2016 581 2059 ex
605 1996 715 2058 castris
738 1996 903 2061 eiecerunt
925 2002 977 2078 et,
1007 2018 1080 2060 cum

172 2098 213 2162 ad
237 2100 451 2163 confluentem
473 2098 704 2182 pervenissent,
727 2101 851 2183 reliqua
872 2101 950 2183 fuga
965 2101 1080 2186 despe-

171 2209 239 2266 rata
261 2225 296 2268 se
311 2203 604 2287 praecipitaverunt
620 2209 715 2286 atque
732 2205 765 2267 vi
778 2203 918 2267 fluminis
934 2206 1081 2289 oppressi

136 2307 344 2390 aperierunt.
392 2305 494 2368 nostri
528 2305 568 2368 ad
606 2327 705 2369 unum
744 2327 855 2371 omnes
892 2308 1081 2389 incolumes,

170 2409 340 2493 perpaucis
362 2408 539 2472 vulneratis
568 2429 611 2472 ex
636 2409 717 2471 tanti
739 2409 817 2472 belli
838 2410 974 2492 timore,
1007 2431 1080 2474 oum

170 2511 312 2575 hostium
334 2530 486 2575 uumerus
510 2511 648 2594 capitum
664 2535 799 2576 ccccxxx
816 2513 938 2576 milium
956 2513 1081 2596 fuisset,

136 2641 149 2676 4
171 2637 205 2680 se
220 2620 424 2698 receperunt.
465 2615 583 2679 Caesar
597 2616 645 2696 iis,
669 2637 749 2698 quos
764 2615 951 2697 retinuerat,
976 2616 1080 2683 disce-

136 2741 149 2778 s
172 2718 270 2783 dendi
291 2725 486 2802 potestatem
498 2718 584 2782 fecit.
622 2720 668 2783 illi
684 2721 840 2805 supplicia
856 2721 1081 2807 cruciatusque

172 2821 339 2884 Gallorum
361 2822 474 2903 veriti,
504 2840 640 2905 quorum
663 2843 759 2906 agros
782 2831 998 2907 vexaverant,
1028 2847 1080 2890 re-

170 2946 300 2990 manere
333 2946 367 2989 se
400 2925 486 3009 apud
519 2945 593 2988 eum
623 2927 707 2990 velle
752 2926 919 3008 dixerunt3
961 2928 1082 2993 Caesar

169 3030 352 3094 libertatem
376 3030 541 3093 concessit.

136 3159 149 3196 1
234 3133 326 3196 XVI.
370 3131 561 3196 Germanico
595 3133 681 3196 bello
715 3133 861 3197 confecto
894 3135 1004 3199 multia
1039 3134 1080 3199 de

171 3236 272 3298 causis
297 3235 415 3298 Caesar
438 3236 547 3298 statuit
568 3236 628 3299 sibi
650 3235 801 3299 Rhenum
824 3258 894 3302 esse
911 3245 1080 3303 transeun-

172 3337 263 3418 dum3
297 3359 428 3421 quarum
461 3339 516 3401 illa
546 3340 606 3402 fuit
629 3340 820 3423 iustissima,
859 3343 966 3426 quod,
1006 3364 1078 3409 cum

170 3440 296 3505 videret
319 3441 497 3505 Germanos
520 3448 585 3505 tam
614 3443 707 3508 facile
737 3445 768 3507 in
793 3444 933 3509 Galliam
956 3446 1079 3529 venire,
