2332 3892
163 233 223 294 146
521 236 570 286 vl.
590 237 701 289 aa-re.

162 425 215 471 eas
238 426 272 470 se
288 405 448 490 adplicant
462 413 557 493 atque
572 410 616 473 ita
629 412 760 495 paulum
775 411 873 476 modo
890 413 1059 478 reclinatae

126 510 302 594 squietem
332 511 468 595 capiunt.
514 533 646 598 quarum
676 535 718 579 ex
746 517 889 600 vestigiis
921 537 993 580 cum
1015 523 1060 580 est

161 613 426 698 animadversum,
445 636 507 700 quo
524 638 559 681 se
574 616 717 702 recipere
734 619 930 703 consuerint,
954 639 1058 684 omnes

91 782 93 787 ,
140 724 215 781 λιιιιῐ
234 718 273 782 ab
304 717 462 782 radicibus
491 721 647 784 subruunt
674 725 730 784 ant
761 722 912 786 accidunt
935 723 1057 787 arbores

160 827 301 904 tantum,
331 827 367 885 ut
389 842 514 886 summa
536 824 659 909 species
682 825 832 888 stantium
854 826 1053 911 relinquatur.

126 925 222 988 chuc
245 946 317 989 cnm
340 946 373 989 se
397 926 627 992 consuetudine
650 928 902 1012 reclinaverunt,
925 931 1054 994 infirmas

161 1030 291 1093 arbores
313 1029 457 1113 pondere
487 1029 642 1114 adfligunt
672 1036 767 1116 atque
790 1053 854 1115 una
874 1033 964 1116 ipsae
987 1053 1051 1097 con-

162 1132 280 1197 cidunt.

128 1262 136 1299 1
224 1235 383 1301 XXVIII.
417 1237 561 1303 Tertium
584 1241 632 1301 est
653 1257 772 1320 genus,
803 1237 858 1322 qui
879 1238 931 1302 uri
953 1237 1049 1323 appel·

161 1343 275 1406 lantur.
311 1347 385 1405 sunt
407 1341 626 1425 magnitudine
648 1340 743 1425 paulo
767 1341 849 1404 infra
863 1341 1048 1425 elephantos,

127 1447 268 1530 aspecie
305 1450 337 1511 et
371 1445 472 1528 figura
508 1444 600 1508 tauri.
651 1464 767 1528 magna
798 1444 847 1507 vis
881 1465 993 1508 eorum
1024 1447 1049 1506 ct

161 1569 277 1632 magna
291 1548 461 1613 velocitas:
480 1567 585 1633 neque
600 1547 721 1611 homini
734 1567 840 1632 neque
854 1547 953 1629 ferae,
968 1566 1046 1631 quan

126 1673 139 1712 a
162 1657 407 1737 conspexerunt,
422 1656 565 1736 parcunt.
602 1649 662 1714 hos
677 1649 819 1714 studiose
834 1649 937 1715 foveis
953 1655 1046 1733 captos
1080 1702 1082 1707 .

160 1755 360 1819 interficiunt.
403 1754 466 1817 hoc
495 1775 529 1819 se
557 1754 667 1819 labore
697 1755 812 1818 durant
840 1753 1047 1820 adulescentes

160 1864 256 1943 atque
285 1857 348 1920 hoc
381 1877 501 1940 genere
530 1857 708 1921 venationis
740 1863 893 1922 exercent
925 1862 973 1937 et,
1005 1852 1044 1940 qui

159 1962 314 2046 plurimos
335 1960 574 2041 interfecerunt,
596 1960 705 2023 relatis
726 1960 760 2023 in
779 1961 943 2045 publicum
958 1957 1045 2024 corni·

160 2067 229 2147 bus,
252 2085 334 2150 quae
349 2064 412 2127 sint
426 2063 621 2145 testimonio,
637 2076 786 2147 magnam
801 2063 908 2128 ferunt
923 2063 1044 2128 lauden.

125 2169 218 2234 4sed
248 2167 435 2231 adsuescere
467 2165 508 2229 ad
538 2164 684 2230 homines
717 2169 751 2230 et
786 2166 986 2231 mansuefieri
1013 2183 1044 2226 nc

125 2292 137 2330 s
159 2273 284 2357 parvuli
306 2269 434 2356 quidem
457 2270 585 2353 excepti
606 2275 749 2353 possunt.
788 2269 966 2354 amplitudo
988 2285 1042 2332 cor·

159 2397 257 2439 nuum
280 2381 312 2438 et
333 2374 434 2456 figura
462 2372 595 2435 multum
617 2393 638 2436 a
658 2377 840 2437 nostrorum
869 2373 968 2438 boum
988 2388 1042 2436 eor·

125 2479 251 2542 onibus
274 2476 390 2539 differt.
433 2475 513 2539 haec
535 2475 678 2540 studiose
702 2476 880 2560 conquisita
903 2477 941 2540 ab
963 2470 1043 2539 labris

159 2587 292 2666 argento
316 2578 566 2645 circumcludunt
589 2584 684 2664 atque
707 2580 740 2642 in
755 2579 958 2662 amplissimis
980 2593 1040 2661 epu·

157 2686 196 2750 lis
218 2704 276 2769 pro
298 2683 422 2767 poculis
443 2688 586 2746 utuntur.

124 2817 135 2856 1
222 2788 348 2853 XXIX.
384 2787 517 2867 Caesar,
547 2794 717 2872 postquam
748 2785 905 2868 comperit
935 2783 1042 2849 Suebos

159 2913 270 2957 omnes
294 2912 364 2955 sese
386 2892 419 2955 in
441 2891 536 2955 silvas
558 2889 728 2974 recepisse,
750 2888 892 2972 inopiam
910 2873 1040 2953 frumenti

122 3023 135 3062 a
157 2999 276 3063 veritus
305 2994 468 3059 constituit
495 3014 561 3056 non
582 2991 735 3076 progredi
760 2991 905 3074 longius;
937 2990 992 3055 ssd
1009 3001 1040 3050 no

159 3101 287 3165 omnino
310 3104 431 3163 metum
452 3095 573 3161 reditus
595 3095 644 3158 sui
658 3094 801 3158 barbaris
816 3094 948 3160 tolleret
961 3098 1039 3176 atque

156 3210 193 3268 ut
215 3224 327 3268 eorum
349 3202 467 3266 auxilia
487 3199 638 3281 tardaret,
660 3198 794 3263 reducto
819 3199 963 3263 exercitu
981 3211 1038 3282 par·

156 3314 222 3371 tem
250 3307 395 3370 ultimam
422 3306 545 3390 pontis,
574 3325 655 3390 quae
686 3303 770 3386 ripas
792 3301 950 3367 Ubiorum
978 3313 1039 3362 con·

122 3410 317 3492 stingebat,
349 3410 382 3471 in
418 3407 652 3492 longitudinem
688 3405 806 3489 pedum
846 3404 1037 3468 ducentorum
