<?xml version="1.0" encoding="UTF-8"?>
<!DOCTYPE html PUBLIC "-//W3C//DTD XHTML 1.0 Transitional//EN"
    "http://www.w3.org/TR/xhtml1/DTD/xhtml1-transitional.dtd">
<html xmlns="http://www.w3.org/1999/xhtml" xml:lang="en" lang="en">
 <head>
  <title>
</title>
<meta http-equiv="Content-Type" content="text/html;charset=utf-8" />
  <meta name='ocr-system' content='tesseract 3.04.00' />
  <meta name='ocr-capabilities' content='ocr_page ocr_carea ocr_par ocr_line ocrx_word'/>
</head>
<body>
  <div class='ocr_page' id='page_1' title='image "./ciuliicaesarisc00gitlgoog_0025.png"; bbox 0 0 2332 3892; ppageno 0'>
   <div class='ocr_carea' id='block_1_1' title="bbox 455 249 985 308">
    <p class='ocr_par' dir='ltr' id='par_1_1' title="bbox 455 249 985 308">
     <span class='ocr_line' id='line_1_1' title="bbox 455 249 985 308; baseline -0.004 -9"><span class='ocrx_word' id='word_1_1' title='bbox 455 251 476 299; x_wconf 95' lang='grc' dir='ltr'>Ι.</span> <span class='ocrx_word' id='word_1_2' title='bbox 508 251 618 299; x_wconf 76' lang='lat'>15—17.</span> <span class='ocrx_word' id='word_1_3' title='bbox 950 249 985 308; x_wconf 83' lang='lat' dir='ltr'>ll</span> 
     </span>
    </p>
   </div>
   <div class='ocr_carea' id='block_1_2' title="bbox 80 420 1030 3497">
    <p class='ocr_par' dir='ltr' id='par_1_2' title="bbox 80 420 989 794">
     <span class='ocr_line' id='line_1_2' title="bbox 82 420 989 505; baseline -0.002 -21"><span class='ocrx_word' id='word_1_4' title='bbox 82 421 205 485; x_wconf 77' lang='lat' dir='ltr'>circiter</span> <span class='ocrx_word' id='word_1_5' title='bbox 227 420 410 505; x_wconf 91' lang='lat' dir='ltr'>quindecim</span> <span class='ocrx_word' id='word_1_6' title='bbox 439 422 682 503; x_wconf 83' lang='lat' dir='ltr'>iterfecerunt,</span> <span class='ocrx_word' id='word_1_7' title='bbox 710 422 756 484; x_wconf 92' lang='lat' dir='ltr'>uti</span> <span class='ocrx_word' id='word_1_8' title='bbox 779 421 862 483; x_wconf 86' lang='lat' dir='ltr'>inter</span> <span class='ocrx_word' id='word_1_9' title='bbox 883 420 989 482; x_wconf 91' lang='lat' dir='ltr'>novis·</span> 
     </span>
     <span class='ocr_line' id='line_1_3' title="bbox 81 524 989 607; baseline -0.004 -19"><span class='ocrx_word' id='word_1_10' title='bbox 81 526 197 588; x_wconf 91' lang='lat' dir='ltr'>simum</span> <span class='ocrx_word' id='word_1_11' title='bbox 219 524 360 588; x_wconf 92' lang='lat' dir='ltr'>hostium</span> <span class='ocrx_word' id='word_1_12' title='bbox 390 545 507 607; x_wconf 83' lang='lat' dir='ltr'>agmen</span> <span class='ocrx_word' id='word_1_13' title='bbox 536 532 569 588; x_wconf 90' lang='lat' dir='ltr'>et</span> <span class='ocrx_word' id='word_1_14' title='bbox 598 531 743 587; x_wconf 90' lang='lat' dir='ltr'>nostrum</span> <span class='ocrx_word' id='word_1_15' title='bbox 766 525 904 606; x_wconf 89' lang='lat' dir='ltr'>primum</span> <span class='ocrx_word' id='word_1_16' title='bbox 926 542 989 584; x_wconf 91' lang='lat' dir='ltr'>non</span> 
     </span>
     <span class='ocr_line' id='line_1_4' title="bbox 80 626 989 712; baseline -0.007 -20"><span class='ocrx_word' id='word_1_17' title='bbox 80 629 217 712; x_wconf 90' lang='lat' dir='ltr'>amplius</span> <span class='ocrx_word' id='word_1_18' title='bbox 247 628 351 711; x_wconf 91' lang='lat' dir='ltr'>quinis</span> <span class='ocrx_word' id='word_1_19' title='bbox 381 633 435 690; x_wconf 91' lang='lat' dir='ltr'>aut</span> <span class='ocrx_word' id='word_1_20' title='bbox 457 627 541 690; x_wconf 89' lang='lat' dir='ltr'>senis</span> <span class='ocrx_word' id='word_1_21' title='bbox 566 627 694 690; x_wconf 90' lang='lat' dir='ltr'>milibus</span> <span class='ocrx_word' id='word_1_22' title='bbox 718 647 868 710; x_wconf 83' lang='lat' dir='ltr'><strong>passuum</strong></span> <span class='ocrx_word' id='word_1_23' title='bbox 891 626 989 688; x_wconf 87' lang='lat' dir='ltr'>inter·</span> 
     </span>
     <span class='ocr_line' id='line_1_5' title="bbox 81 737 176 794; baseline -0.042 0"><span class='ocrx_word' id='word_1_24' title='bbox 81 737 176 794; x_wconf 89' lang='lat' dir='ltr'>esset.</span> 
     </span>
    </p>

    <p class='ocr_par' dir='ltr' id='par_1_3' title="bbox 82 833 1081 2778">
     <span class='ocr_line' id='line_1_6' title="bbox 145 833 1024 898; baseline -0.002 -2"><span class='ocrx_word' id='word_1_25' title='bbox 145 833 238 896; x_wconf 90' lang='lat' dir='ltr'>XVI.</span> <span class='ocrx_word' id='word_1_26' title='bbox 273 833 407 897; x_wconf 82' lang='lat' dir='ltr'><strong>Interim</strong></span> <span class='ocrx_word' id='word_1_27' title='bbox 431 834 548 897; x_wconf 85' lang='lat' dir='ltr'>cotidie</span> <span class='ocrx_word' id='word_1_28' title='bbox 567 834 685 898; x_wconf 76' lang='lat' dir='ltr'>Caesar</span> <span class='ocrx_word' id='word_1_29' title='bbox 700 834 834 898; x_wconf 85' lang='lat' dir='ltr'>Aeduos</span> <span class='ocrx_word' id='word_1_30' title='bbox 849 834 990 897; x_wconf 87' lang='lat' dir='ltr'>frumen·</span> <span class='ocrx_word' id='word_1_31' title='bbox 1013 851 1024 888; x_wconf 93' lang='lat'>1</span> 
     </span>
     <span class='ocr_line' id='line_1_7' title="bbox 82 937 1025 1022; baseline -0.002 -22"><span class='ocrx_word' id='word_1_32' title='bbox 82 945 159 1019; x_wconf 90' lang='lat' dir='ltr'>tum,</span> <span class='ocrx_word' id='word_1_33' title='bbox 183 937 269 1022; x_wconf 92' lang='lat' dir='ltr'>quod</span> <span class='ocrx_word' id='word_1_34' title='bbox 293 945 399 1003; x_wconf 79' lang='lat' dir='ltr'>essent</span> <span class='ocrx_word' id='word_1_35' title='bbox 421 939 547 1022; x_wconf 90' lang='lat' dir='ltr'>publice</span> <span class='ocrx_word' id='word_1_36' title='bbox 563 939 706 1022; x_wconf 83' lang='lat' dir='ltr'>polliciti,</span> <span class='ocrx_word' id='word_1_37' title='bbox 730 939 884 1020; x_wconf 89' lang='lat' dir='ltr'>flagitare.</span> <span class='ocrx_word' id='word_1_38' title='bbox 917 953 1025 1000; x_wconf 67' lang='lat' dir='ltr'>nami</span> 
     </span>
     <span class='ocr_line' id='line_1_8' title="bbox 83 1040 990 1125; baseline -0.002 -21"><span class='ocrx_word' id='word_1_39' title='bbox 83 1046 215 1125; x_wconf 91' lang='lat' dir='ltr'>propter</span> <span class='ocrx_word' id='word_1_40' title='bbox 251 1040 371 1124; x_wconf 81' lang='lat' dir='ltr'>frigora</span> <span class='ocrx_word' id='word_1_41' title='bbox 403 1062 469 1104; x_wconf 89' lang='lat' dir='ltr'>non</span> <span class='ocrx_word' id='word_1_42' title='bbox 509 1041 606 1104; x_wconf 91' lang='lat' dir='ltr'>modo</span> <span class='ocrx_word' id='word_1_43' title='bbox 641 1041 801 1104; x_wconf 88' lang='lat' dir='ltr'>frumenta</span> <span class='ocrx_word' id='word_1_44' title='bbox 839 1043 872 1104; x_wconf 91' lang='lat' dir='ltr'>in</span> <span class='ocrx_word' id='word_1_45' title='bbox 907 1041 990 1124; x_wconf 87' lang='lat' dir='ltr'>agris</span> 
     </span>
     <span class='ocr_line' id='line_1_9' title="bbox 83 1145 991 1229; baseline 0.001 -22"><span class='ocrx_word' id='word_1_46' title='bbox 83 1153 207 1208; x_wconf 85' lang='lat' dir='ltr'>matura</span> <span class='ocrx_word' id='word_1_47' title='bbox 229 1165 294 1207; x_wconf 91' lang='lat' dir='ltr'>non</span> <span class='ocrx_word' id='word_1_48' title='bbox 322 1151 427 1227; x_wconf 89' lang='lat' dir='ltr'>erant,</span> <span class='ocrx_word' id='word_1_49' title='bbox 457 1145 515 1208; x_wconf 92' lang='lat' dir='ltr'>sed</span> <span class='ocrx_word' id='word_1_50' title='bbox 546 1167 586 1209; x_wconf 89' lang='lat' dir='ltr'>ne</span> <span class='ocrx_word' id='word_1_51' title='bbox 619 1146 725 1229; x_wconf 84' lang='lat' dir='ltr'>pabuli</span> <span class='ocrx_word' id='word_1_52' title='bbox 756 1146 885 1229; x_wconf 90' lang='lat' dir='ltr'>quidem</span> <span class='ocrx_word' id='word_1_53' title='bbox 916 1146 991 1208; x_wconf 89' lang='lat' dir='ltr'>satis</span> 
     </span>
     <span class='ocr_line' id='line_1_10' title="bbox 85 1248 1026 1333; baseline 0 -22"><span class='ocrx_word' id='word_1_54' title='bbox 85 1270 199 1332; x_wconf 90' lang='lat' dir='ltr'>magna</span> <span class='ocrx_word' id='word_1_55' title='bbox 235 1249 326 1332; x_wconf 91' lang='lat' dir='ltr'>copia</span> <span class='ocrx_word' id='word_1_56' title='bbox 362 1248 568 1333; x_wconf 83' lang='lat' dir='ltr'>suppetebat3</span> <span class='ocrx_word' id='word_1_57' title='bbox 607 1270 646 1313; x_wconf 94' lang='lat' dir='ltr'>eo</span> <span class='ocrx_word' id='word_1_58' title='bbox 683 1256 790 1313; x_wconf 91' lang='lat' dir='ltr'>autem</span> <span class='ocrx_word' id='word_1_59' title='bbox 821 1250 1026 1330; x_wconf 64' lang='lat' dir='ltr'>frumentari</span> 
     </span>
     <span class='ocr_line' id='line_1_11' title="bbox 84 1351 992 1436; baseline 0 -22"><span class='ocrx_word' id='word_1_60' title='bbox 84 1351 171 1436; x_wconf 92' lang='lat' dir='ltr'>quod</span> <span class='ocrx_word' id='word_1_61' title='bbox 201 1351 335 1414; x_wconf 90' lang='lat' dir='ltr'>navibus</span> <span class='ocrx_word' id='word_1_62' title='bbox 370 1353 580 1433; x_wconf 79' lang='lat' dir='ltr'>subvexerat,</span> <span class='ocrx_word' id='word_1_63' title='bbox 615 1358 788 1436; x_wconf 90' lang='lat' dir='ltr'>propterca</span> <span class='ocrx_word' id='word_1_64' title='bbox 819 1353 922 1415; x_wconf 87' lang='lat' dir='ltr'>minus</span> <span class='ocrx_word' id='word_1_65' title='bbox 945 1351 992 1414; x_wconf 92' lang='lat' dir='ltr'>uti</span> 
     </span>
     <span class='ocr_line' id='line_1_12' title="bbox 85 1454 992 1539; baseline -0.002 -21"><span class='ocrx_word' id='word_1_66' title='bbox 85 1461 227 1539; x_wconf 88' lang='lat' dir='ltr'>poterat,</span> <span class='ocrx_word' id='word_1_67' title='bbox 251 1454 339 1538; x_wconf 93' lang='lat' dir='ltr'>quod</span> <span class='ocrx_word' id='word_1_68' title='bbox 361 1455 422 1519; x_wconf 88' lang='lat' dir='ltr'>iter</span> <span class='ocrx_word' id='word_1_69' title='bbox 446 1454 485 1518; x_wconf 91' lang='lat' dir='ltr'>ab</span> <span class='ocrx_word' id='word_1_70' title='bbox 507 1455 609 1519; x_wconf 85' lang='lat' dir='ltr'>Arare</span> <span class='ocrx_word' id='word_1_71' title='bbox 632 1454 778 1518; x_wconf 90' lang='lat' dir='ltr'>Helvetii</span> <span class='ocrx_word' id='word_1_72' title='bbox 800 1459 992 1533; x_wconf 89' lang='lat' dir='ltr'>averterant,</span> 
     </span>
     <span class='ocr_line' id='line_1_13' title="bbox 84 1556 1027 1642; baseline -0.002 -20"><span class='ocrx_word' id='word_1_73' title='bbox 84 1559 239 1642; x_wconf 89' lang='lat' dir='ltr'>aquibus</span> <span class='ocrx_word' id='word_1_74' title='bbox 259 1557 425 1623; x_wconf 86' lang='lat' dir='ltr'>discedere</span> <span class='ocrx_word' id='word_1_75' title='bbox 448 1558 588 1623; x_wconf 87' lang='lat' dir='ltr'>nolebat.</span> <span class='ocrx_word' id='word_1_76' title='bbox 634 1558 719 1622; x_wconf 92' lang='lat' dir='ltr'>diem</span> <span class='ocrx_word' id='word_1_77' title='bbox 743 1580 784 1623; x_wconf 83' lang='lat' dir='ltr'>ex</span> <span class='ocrx_word' id='word_1_78' title='bbox 809 1558 861 1620; x_wconf 91' lang='lat' dir='ltr'>die</span> <span class='ocrx_word' id='word_1_79' title='bbox 883 1556 992 1621; x_wconf 88' lang='lat' dir='ltr'>Aedui</span> <span class='ocrx_word' id='word_1_80' title='bbox 1014 1580 1027 1620; x_wconf 75' lang='lat' dir='ltr'>t</span> 
     </span>
     <span class='ocr_line' id='line_1_14' title="bbox 85 1661 1027 1747; baseline -0.008 -19"><span class='ocrx_word' id='word_1_81' title='bbox 85 1663 251 1747; x_wconf 64' lang='lat' dir='ltr'>conferri,</span> <span class='ocrx_word' id='word_1_82' title='bbox 290 1663 500 1745; x_wconf 90' lang='lat' dir='ltr'>comportari,</span> <span class='ocrx_word' id='word_1_83' title='bbox 538 1662 663 1726; x_wconf 85' lang='lat' dir='ltr'>adesse‘</span> <span class='ocrx_word' id='word_1_84' title='bbox 699 1661 816 1725; x_wconf 90' lang='lat' dir='ltr'>dicere.</span> <span class='ocrx_word' id='word_1_85' title='bbox 871 1661 927 1724; x_wconf 90' lang='lat' dir='ltr'>ubi</span> <span class='ocrx_word' id='word_1_86' title='bbox 958 1681 1027 1724; x_wconf 83' lang='lat' dir='ltr'>scs</span> 
     </span>
     <span class='ocr_line' id='line_1_15' title="bbox 86 1765 993 1844; baseline -0.007 -12"><span class='ocrx_word' id='word_1_87' title='bbox 86 1768 202 1832; x_wconf 91' lang='lat' dir='ltr'>diutius</span> <span class='ocrx_word' id='word_1_88' title='bbox 237 1765 310 1829; x_wconf 93' lang='lat' dir='ltr'>duci</span> <span class='ocrx_word' id='word_1_89' title='bbox 347 1766 507 1830; x_wconf 83' lang='lat' dir='ltr'>intellexit</span> <span class='ocrx_word' id='word_1_90' title='bbox 549 1772 581 1830; x_wconf 88' lang='lat' dir='ltr'>et</span> <span class='ocrx_word' id='word_1_91' title='bbox 623 1765 707 1830; x_wconf 88' lang='lat' dir='ltr'>diem</span> <span class='ocrx_word' id='word_1_92' title='bbox 739 1767 877 1844; x_wconf 88' lang='lat' dir='ltr'>instare,</span> <span class='ocrx_word' id='word_1_93' title='bbox 917 1784 993 1827; x_wconf 92' lang='lat' dir='ltr'>con-</span> 
     </span>
     <span class='ocr_line' id='line_1_16' title="bbox 87 1868 994 1953; baseline -0.003 -19"><span class='ocrx_word' id='word_1_94' title='bbox 87 1869 204 1934; x_wconf 91' lang='lat' dir='ltr'>vocatis</span> <span class='ocrx_word' id='word_1_95' title='bbox 226 1868 440 1953; x_wconf 91' lang='lat' dir='ltr'>principibus,</span> <span class='ocrx_word' id='word_1_96' title='bbox 471 1888 607 1952; x_wconf 92' lang='lat' dir='ltr'>quorum</span> <span class='ocrx_word' id='word_1_97' title='bbox 636 1890 785 1953; x_wconf 91' lang='lat' dir='ltr'>magnam</span> <span class='ocrx_word' id='word_1_98' title='bbox 814 1869 938 1953; x_wconf 91' lang='lat' dir='ltr'>copiam</span> <span class='ocrx_word' id='word_1_99' title='bbox 961 1869 994 1931; x_wconf 91' lang='lat' dir='ltr'>in</span> 
     </span>
     <span class='ocr_line' id='line_1_17' title="bbox 86 1968 993 2054; baseline -0.007 -16"><span class='ocrx_word' id='word_1_100' title='bbox 86 1974 196 2038; x_wconf 92' lang='lat' dir='ltr'>castris</span> <span class='ocrx_word' id='word_1_101' title='bbox 222 1973 377 2053; x_wconf 87' lang='lat' dir='ltr'>habebat,</span> <span class='ocrx_word' id='word_1_102' title='bbox 413 1973 446 2037; x_wconf 94' lang='lat' dir='ltr'>in</span> <span class='ocrx_word' id='word_1_103' title='bbox 474 1973 523 2036; x_wconf 91' lang='lat' dir='ltr'>his</span> <span class='ocrx_word' id='word_1_104' title='bbox 545 1973 706 2036; x_wconf 88' lang='lat' dir='ltr'>Divitiaco</span> <span class='ocrx_word' id='word_1_105' title='bbox 737 1978 770 2036; x_wconf 89' lang='lat' dir='ltr'>et</span> <span class='ocrx_word' id='word_1_106' title='bbox 798 1972 892 2035; x_wconf 81' lang='lat' dir='ltr'>Lisco</span> <span class='ocrx_word' id='word_1_107' title='bbox 923 1968 993 2054; x_wconf 86' lang='lat' dir='ltr'>(qui</span> 
     </span>
     <span class='ocr_line' id='line_1_18' title="bbox 85 2075 994 2161; baseline -0.004 -20"><span class='ocrx_word' id='word_1_108' title='bbox 85 2097 209 2141; x_wconf 92' lang='lat' dir='ltr'>summo</span> <span class='ocrx_word' id='word_1_109' title='bbox 226 2076 425 2159; x_wconf 87' lang='lat' dir='ltr'>magistratui</span> <span class='ocrx_word' id='word_1_110' title='bbox 444 2083 624 2160; x_wconf 84' lang='lat' dir='ltr'>praeerant,</span> <span class='ocrx_word' id='word_1_111' title='bbox 648 2098 745 2161; x_wconf 92' lang='lat' dir='ltr'>quem</span> <span class='ocrx_word' id='word_1_112' title='bbox 766 2075 994 2159; x_wconf 85' lang='lat' dir='ltr'>vergobretum</span> 
     </span>
     <span class='ocr_line' id='line_1_19' title="bbox 85 2177 993 2264; baseline -0.001 -22"><span class='ocrx_word' id='word_1_113' title='bbox 85 2179 249 2264; x_wconf 89' lang='lat' dir='ltr'>appellant</span> <span class='ocrx_word' id='word_1_114' title='bbox 280 2177 410 2261; x_wconf 85' lang='lat' dir='ltr'>Aedui,</span> <span class='ocrx_word' id='word_1_115' title='bbox 443 2179 496 2262; x_wconf 93' lang='lat' dir='ltr'>qui</span> <span class='ocrx_word' id='word_1_116' title='bbox 529 2186 654 2243; x_wconf 88' lang='lat' dir='ltr'>creatur</span> <span class='ocrx_word' id='word_1_117' title='bbox 688 2201 810 2243; x_wconf 91' lang='lat' dir='ltr'>annuus</span> <span class='ocrx_word' id='word_1_118' title='bbox 846 2184 878 2242; x_wconf 88' lang='lat' dir='ltr'>et</span> <span class='ocrx_word' id='word_1_119' title='bbox 909 2179 993 2242; x_wconf 89' lang='lat' dir='ltr'>vitae</span> 
     </span>
     <span class='ocr_line' id='line_1_20' title="bbox 86 2281 993 2367; baseline -0.002 -21"><span class='ocrx_word' id='word_1_120' title='bbox 86 2283 235 2367; x_wconf 87' lang='lat' dir='ltr'>necisque</span> <span class='ocrx_word' id='word_1_121' title='bbox 259 2281 292 2344; x_wconf 89' lang='lat' dir='ltr'>in</span> <span class='ocrx_word' id='word_1_122' title='bbox 315 2301 389 2344; x_wconf 91' lang='lat' dir='ltr'>suos</span> <span class='ocrx_word' id='word_1_123' title='bbox 412 2281 510 2346; x_wconf 91' lang='lat' dir='ltr'>habet</span> <span class='ocrx_word' id='word_1_124' title='bbox 535 2283 743 2366; x_wconf 86' lang='lat' dir='ltr'>potestatem)</span> <span class='ocrx_word' id='word_1_125' title='bbox 773 2283 914 2366; x_wconf 89' lang='lat' dir='ltr'>graviter</span> <span class='ocrx_word' id='word_1_126' title='bbox 938 2302 993 2345; x_wconf 86' lang='lat' dir='ltr'>eos</span> 
     </span>
     <span class='ocr_line' id='line_1_21' title="bbox 85 2384 1027 2470; baseline -0.001 -21"><span class='ocrx_word' id='word_1_127' title='bbox 85 2391 221 2467; x_wconf 87' lang='lat' dir='ltr'>accusat,</span> <span class='ocrx_word' id='word_1_128' title='bbox 238 2384 325 2468; x_wconf 94' lang='lat' dir='ltr'>quod</span> <span class='ocrx_word' id='word_1_129' title='bbox 341 2390 406 2447; x_wconf 88' lang='lat' dir='ltr'>tam</span> <span class='ocrx_word' id='word_1_130' title='bbox 422 2385 602 2448; x_wconf 87' lang='lat' dir='ltr'>necessario</span> <span class='ocrx_word' id='word_1_131' title='bbox 615 2392 771 2470; x_wconf 88' lang='lat' dir='ltr'>tempore,</span> <span class='ocrx_word' id='word_1_132' title='bbox 787 2392 851 2448; x_wconf 88' lang='lat' dir='ltr'>tam</span> <span class='ocrx_word' id='word_1_133' title='bbox 863 2387 993 2468; x_wconf 90' lang='lat' dir='ltr'>propin·</span> <span class='ocrx_word' id='word_1_134' title='bbox 1014 2410 1027 2448; x_wconf 87' lang='lat' dir='ltr'>c</span> 
     </span>
     <span class='ocr_line' id='line_1_22' title="bbox 86 2487 993 2572; baseline 0 -21"><span class='ocrx_word' id='word_1_135' title='bbox 86 2489 154 2572; x_wconf 91' lang='lat' dir='ltr'>quis</span> <span class='ocrx_word' id='word_1_136' title='bbox 190 2487 336 2550; x_wconf 88' lang='lat' dir='ltr'>hostibus</span> <span class='ocrx_word' id='word_1_137' title='bbox 370 2507 436 2551; x_wconf 89' lang='lat' dir='ltr'>non</span> <span class='ocrx_word' id='word_1_138' title='bbox 468 2487 667 2570; x_wconf 88' lang='lat' dir='ltr'>sublevetur,</span> <span class='ocrx_word' id='word_1_139' title='bbox 701 2489 890 2572; x_wconf 88' lang='lat' dir='ltr'>praesertim</span> <span class='ocrx_word' id='word_1_140' title='bbox 922 2509 993 2551; x_wconf 92' lang='lat' dir='ltr'>cum</span> 
     </span>
     <span class='ocr_line' id='line_1_23' title="bbox 86 2590 994 2673; baseline 0 -21"><span class='ocrx_word' id='word_1_141' title='bbox 86 2611 201 2673; x_wconf 89' lang='lat' dir='ltr'>magna</span> <span class='ocrx_word' id='word_1_142' title='bbox 223 2611 265 2654; x_wconf 87' lang='lat' dir='ltr'>ex</span> <span class='ocrx_word' id='word_1_143' title='bbox 287 2596 377 2673; x_wconf 88' lang='lat' dir='ltr'>parte</span> <span class='ocrx_word' id='word_1_144' title='bbox 402 2610 513 2653; x_wconf 88' lang='lat' dir='ltr'>corum</span> <span class='ocrx_word' id='word_1_145' title='bbox 534 2590 682 2673; x_wconf 87' lang='lat' dir='ltr'>precibus</span> <span class='ocrx_word' id='word_1_146' title='bbox 704 2590 859 2653; x_wconf 89' lang='lat' dir='ltr'>adductus</span> <span class='ocrx_word' id='word_1_147' title='bbox 875 2591 994 2654; x_wconf 88' lang='lat' dir='ltr'>bellum</span> 
     </span>
     <span class='ocr_line' id='line_1_24' title="bbox 87 2695 273 2778; baseline -0.016 -20"><span class='ocrx_word' id='word_1_148' title='bbox 87 2695 273 2778; x_wconf 88' lang='lat' dir='ltr'>susceperit.</span> 
     </span>
    </p>

    <p class='ocr_par' dir='ltr' id='par_1_4' title="bbox 86 2796 1030 3497">
     <span class='ocr_line' id='line_1_25' title="bbox 148 2796 1027 2862; baseline 0 -1"><span class='ocrx_word' id='word_1_149' title='bbox 148 2797 258 2862; x_wconf 83' lang='lat' dir='ltr'>XVII.</span> <span class='ocrx_word' id='word_1_150' title='bbox 290 2797 373 2861; x_wconf 81' lang='lat' dir='ltr'>Tum</span> <span class='ocrx_word' id='word_1_151' title='bbox 395 2799 524 2862; x_wconf 91' lang='lat' dir='ltr'>demum</span> <span class='ocrx_word' id='word_1_152' title='bbox 546 2798 657 2861; x_wconf 87' lang='lat' dir='ltr'>Liscus</span> <span class='ocrx_word' id='word_1_153' title='bbox 681 2798 823 2861; x_wconf 90' lang='lat' dir='ltr'>oratione</span> <span class='ocrx_word' id='word_1_154' title='bbox 851 2796 995 2861; x_wconf 78' lang='lat' dir='ltr'>Caesaris</span> <span class='ocrx_word' id='word_1_155' title='bbox 1017 2822 1027 2861; x_wconf 90' lang='lat'>1</span> 
     </span>
     <span class='ocr_line' id='line_1_26' title="bbox 87 2899 994 2984; baseline -0.001 -21"><span class='ocrx_word' id='word_1_156' title='bbox 87 2900 258 2982; x_wconf 86' lang='lat' dir='ltr'>adductus,</span> <span class='ocrx_word' id='word_1_157' title='bbox 288 2901 373 2984; x_wconf 95' lang='lat' dir='ltr'>quod</span> <span class='ocrx_word' id='word_1_158' title='bbox 404 2909 498 2964; x_wconf 91' lang='lat' dir='ltr'>antea</span> <span class='ocrx_word' id='word_1_159' title='bbox 527 2907 686 2981; x_wconf 88' lang='lat' dir='ltr'>tacuerat,</span> <span class='ocrx_word' id='word_1_160' title='bbox 715 2899 882 2983; x_wconf 87' lang='lat' dir='ltr'>proponit:</span> <span class='ocrx_word' id='word_1_161' title='bbox 914 2919 994 2980; x_wconf 88' lang='lat' dir='ltr'>,esse</span> 
     </span>
     <span class='ocr_line' id='line_1_27' title="bbox 86 3002 995 3088; baseline -0.002 -22"><span class='ocrx_word' id='word_1_162' title='bbox 86 3004 265 3085; x_wconf 89' lang='lat' dir='ltr'>nonnullos,</span> <span class='ocrx_word' id='word_1_163' title='bbox 290 3024 425 3088; x_wconf 88' lang='lat' dir='ltr'>quorum</span> <span class='ocrx_word' id='word_1_164' title='bbox 450 3005 622 3067; x_wconf 89' lang='lat' dir='ltr'>auctoritas</span> <span class='ocrx_word' id='word_1_165' title='bbox 646 3002 731 3086; x_wconf 91' lang='lat' dir='ltr'>apud</span> <span class='ocrx_word' id='word_1_166' title='bbox 749 3004 879 3086; x_wconf 89' lang='lat' dir='ltr'>plebem</span> <span class='ocrx_word' id='word_1_167' title='bbox 896 3002 995 3084; x_wconf 93' lang='lat' dir='ltr'>pluri·</span> 
     </span>
     <span class='ocr_line' id='line_1_28' title="bbox 87 3104 996 3190; baseline -0.001 -22"><span class='ocrx_word' id='word_1_168' title='bbox 87 3128 173 3170; x_wconf 94' lang='lat' dir='ltr'>mum</span> <span class='ocrx_word' id='word_1_169' title='bbox 195 3108 310 3188; x_wconf 88' lang='lat' dir='ltr'>valeat,</span> <span class='ocrx_word' id='word_1_170' title='bbox 335 3107 389 3190; x_wconf 90' lang='lat' dir='ltr'>qui</span> <span class='ocrx_word' id='word_1_171' title='bbox 411 3107 560 3190; x_wconf 86' lang='lat' dir='ltr'>privatim</span> <span class='ocrx_word' id='word_1_172' title='bbox 578 3107 649 3190; x_wconf 90' lang='lat' dir='ltr'>plus</span> <span class='ocrx_word' id='word_1_173' title='bbox 672 3107 795 3189; x_wconf 89' lang='lat' dir='ltr'>possint</span> <span class='ocrx_word' id='word_1_174' title='bbox 818 3125 912 3188; x_wconf 91' lang='lat' dir='ltr'>quam</span> <span class='ocrx_word' id='word_1_175' title='bbox 936 3104 996 3187; x_wconf 91' lang='lat' dir='ltr'>ipsi</span> 
     </span>
     <span class='ocr_line' id='line_1_29' title="bbox 88 3207 1030 3292; baseline -0.001 -21"><span class='ocrx_word' id='word_1_176' title='bbox 88 3210 304 3292; x_wconf 87' lang='lat' dir='ltr'>magistratus:</span> <span class='ocrx_word' id='word_1_177' title='bbox 329 3209 388 3272; x_wconf 89' lang='lat' dir='ltr'>hos</span> <span class='ocrx_word' id='word_1_178' title='bbox 411 3209 562 3272; x_wconf 88' lang='lat' dir='ltr'>seditiosa</span> <span class='ocrx_word' id='word_1_179' title='bbox 578 3215 673 3292; x_wconf 87' lang='lat' dir='ltr'>atque</span> <span class='ocrx_word' id='word_1_180' title='bbox 689 3207 835 3290; x_wconf 93' lang='lat' dir='ltr'>improba</span> <span class='ocrx_word' id='word_1_181' title='bbox 851 3208 995 3270; x_wconf 89' lang='lat' dir='ltr'>oratione</span> <span class='ocrx_word' id='word_1_182' title='bbox 1017 3237 1030 3277; x_wconf 74' lang='lat'>2</span> 
     </span>
     <span class='ocr_line' id='line_1_30' title="bbox 89 3309 1030 3392; baseline -0.002 -20"><span class='ocrx_word' id='word_1_183' title='bbox 89 3310 324 3373; x_wconf 88' lang='lat' dir='ltr'>multitudinem</span> <span class='ocrx_word' id='word_1_184' title='bbox 348 3309 522 3392; x_wconf 83' lang='lat' dir='ltr'>deterrere,</span> <span class='ocrx_word' id='word_1_185' title='bbox 546 3331 587 3372; x_wconf 91' lang='lat' dir='ltr'>ne</span> <span class='ocrx_word' id='word_1_186' title='bbox 607 3310 799 3372; x_wconf 85' lang='lat' dir='ltr'>frumentum</span> <span class='ocrx_word' id='word_1_187' title='bbox 816 3309 995 3389; x_wconf 84' lang='lat' dir='ltr'>conferant3</span> <span class='ocrx_word' id='word_1_188' title='bbox 1017 3340 1030 3379; x_wconf 72' lang='lat'>³</span> 
     </span>
     <span class='ocr_line' id='line_1_31' title="bbox 90 3412 996 3497; baseline -0.002 -21"><span class='ocrx_word' id='word_1_189' title='bbox 90 3413 173 3497; x_wconf 90' lang='lat' dir='ltr'>quod</span> <span class='ocrx_word' id='word_1_190' title='bbox 204 3413 230 3476; x_wconf 87' lang='lat' dir='ltr'>si</span> <span class='ocrx_word' id='word_1_191' title='bbox 260 3413 322 3475; x_wconf 92' lang='lat' dir='ltr'>iam</span> <span class='ocrx_word' id='word_1_192' title='bbox 353 3412 564 3496; x_wconf 91' lang='lat' dir='ltr'>principatum</span> <span class='ocrx_word' id='word_1_193' title='bbox 595 3412 719 3475; x_wconf 81' lang='lat' dir='ltr'>Galliae</span> <span class='ocrx_word' id='word_1_194' title='bbox 755 3412 900 3474; x_wconf 90' lang='lat' dir='ltr'>obtinere</span> <span class='ocrx_word' id='word_1_195' title='bbox 931 3431 996 3474; x_wconf 89' lang='lat' dir='ltr'>non</span> 
     </span>
    </p>
   </div>
   <div class='ocr_carea' id='block_1_3' title="bbox 0 0 1179 3892">
    <p class='ocr_par' dir='ltr' id='par_1_5' title="bbox 0 0 1179 3892">
     <span class='ocr_line' id='line_1_32' title="bbox 0 0 1179 3892; baseline 0 0"><span class='ocrx_word' id='word_1_196' title='bbox 0 0 1179 3892; x_wconf 95' lang='lat' dir='ltr'> </span> 
     </span>
    </p>
   </div>
  </div>
 </body>
</html>
