2332 3892
476 233 538 284 VII.
566 234 678 283 77-79.
975 232 1034 294 199

119 406 333 490 reliquerunt.
368 403 508 468 Romani
529 425 606 469 vero
632 404 709 489 quid
730 409 844 490 petunt
866 403 953 466 aliud
977 409 1031 466 aut
1043 431 1069 469 15

119 507 201 592 quid
225 507 355 589 volunt,
376 506 438 570 nisi
460 507 580 571 invidia
602 507 742 589 adducti,
765 528 845 591 quos
868 507 952 570 fama
974 527 1032 569 no-

119 610 205 675 biles
235 614 449 694 potentesque
479 607 565 672 bello
597 616 833 693 cognoverunt,
862 610 978 673 horum
1001 610 1034 672 in

120 713 210 798 agris
243 710 410 776 considere
443 716 538 795 atque
569 717 734 776 aeternam
765 713 932 795 iniungere
968 733 1033 776 ser-

120 816 285 880 vitutem?
318 834 422 897 neque
447 814 614 878 animalia
643 814 831 880 condicione
854 816 940 880 bella
962 837 1033 898 ges-

122 923 247 984 serunt.
293 916 380 1000 quod
402 917 430 980 si
452 937 510 998 ca,
533 936 615 1001 quae
638 917 671 980 in
694 917 876 1003 longinquis
898 919 1069 985 nationi-m

121 1024 184 1087 bus
206 1026 372 1106 geruntur,
395 1020 569 1102 ignoratis,
591 1020 740 1104 respicite
764 1021 932 1086 finitimam
959 1021 1034 1086 Gel-

121 1125 212 1206 liam,
235 1144 317 1208 quae
338 1123 373 1187 in
394 1124 593 1208 provinciam
612 1123 754 1206 redacta,
777 1126 846 1190 iure
861 1132 895 1190 et
909 1127 1035 1209 legibus

123 1227 341 1310 commutatis,
363 1227 528 1292 securibus
551 1226 695 1293 subiecta
708 1235 865 1313 perpetua
880 1229 1035 1314 premitur

123 1328 305 1397 servitute‘

190 1432 381 1498 LXXVHI.
424 1432 598 1499 Sententiis
629 1433 723 1498 dictis
753 1437 963 1518 constituunt,
1000 1440 1068 1502 utr

125 1536 236 1601 omnia
257 1536 345 1620 prius
368 1537 575 1620 experiantur
598 1557 694 1621 quam
711 1538 752 1601 ad
769 1538 948 1624 Critognati
963 1561 1034 1604 sen-

124 1641 261 1705 tentiam
285 1638 498 1721 descendant3
528 1640 584 1704 illo
614 1646 723 1706 tamen
751 1643 858 1726 potius
880 1642 1035 1706 utendum
1057 1669 1070 1707 a

126 1743 280 1826 consilio,
312 1743 339 1808 si
369 1764 422 1808 res
456 1748 551 1828 cogat
583 1748 678 1828 atque
710 1744 829 1809 auxilia
860 1751 1035 1825 morentur,

126 1868 224 1932 quam
248 1844 644 1916 deditionissubeundam
667 1846 900 1912 condicionem.
944 1847 1070 1914 Man-s

127 1951 235 2030 dubii,
268 1950 322 2034 qui
353 1969 409 2015 eos
440 1950 560 2034 oppido
591 1956 798 2035 receperant,
828 1972 899 2015 cum
928 1951 1036 2016 liberis

127 2062 224 2140 atque
246 2054 400 2124 uxoribus
423 2055 513 2119 exire
537 2060 704 2138 coguntur.
734 2055 769 2118 hi
785 2075 856 2118 oum
872 2054 914 2119 ad
931 2054 1035 2117 muni·
1057 2083 1069 2118 a

127 2161 235 2224 tiones
255 2157 472 2239 accessissent,
494 2158 608 2221 flentcs
625 2157 772 2223 omnibus
793 2157 941 2242 precibus
965 2176 1035 2220 ora-

127 2266 215 2348 bant,
237 2268 275 2327 ut
295 2282 330 2328 sa
352 2261 386 2325 in
408 2260 597 2326 servitutem
619 2265 767 2345 receptos
792 2260 862 2325 cibo
879 2260 1034 2324 iuvarent.

128 2376 160 2434 at
192 2368 312 2434 Caesar
347 2364 509 2449 dispositis
540 2363 574 2427 in
606 2363 691 2428 vallo
722 2362 907 2428 custodibus
935 2362 1070 2446 recipis

127 2469 332 2558 prohibebat.

192 2572 347 2640 LXXIX.
370 2571 504 2642 Interea
518 2571 627 2653 duces,
643 2571 757 2655 quibus
772 2592 896 2635 summa
911 2570 1037 2656 imperii
1058 2593 1068 2630 1

129 2662 286 2765 permissa
316 2683 399 2759 erat,
429 2697 501 2741 cum
531 2675 678 2740 omnibus
706 2675 806 2758 copiis
828 2674 870 2738 ad
891 2673 1037 2739 Alesiam

108 2845 109 2849 ,
130 2783 319 2868 perveniunt
335 2786 367 2844 et
382 2779 464 2845 colle
481 2779 640 2843 exteriore
658 2784 812 2861 occupato
828 2798 893 2842 non
908 2778 1035 2861 longius

131 2888 217 2952 mille
246 2882 393 2970 passibus
423 2881 600 2948 considunt.
652 2887 782 2965 postero
812 2880 864 2944 die
894 2882 1071 2963 equitatu2

133 3011 258 3057 omnem
288 2988 459 3073 planiciem
490 2987 652 3070 complent
674 2986 904 3070 pedestresque
928 2986 1036 3068 copias

132 3098 260 3180 paulum
288 3094 330 3159 ab
352 3113 391 3157 eo
413 3093 486 3156 loco
510 3091 715 3155 constituunt.
761 3094 829 3152 erat
852 3109 893 3152 ex
917 3088 1035 3171 oppido
1058 3120 1071 3157 a

135 3199 302 3285 despectus
317 3197 352 3260 in
364 3215 521 3278 campum.
545 3195 741 3261 concurritur
749 3194 799 3257 his
810 3192 936 3256 auxiliis
946 3193 1036 3272 visis3

135 3302 168 3366 fit
195 3301 365 3388 gratulatio
394 3299 478 3364 inter
507 3320 562 3364 eos
593 3303 686 3381 atque
712 3296 854 3360 omnium
876 3295 973 3358 animi
996 3296 1037 3358 ad

137 3407 285 3471 laetitiam
308 3405 496 3470 excitantur.
528 3405 634 3484 itaque
658 3399 821 3484 productis
845 3396 944 3480 copiis
963 3405 1071 3463 anter
