2332 3892
432 237 482 287 ΙΙΙ.
512 239 623 289 18-20.
941 235 978 296 71

67 405 220 488 victoria,
260 407 429 502 sarmentis
467 408 678 493 virgultisque
715 408 874 490 collectis,
911 406 980 492 qui·

68 509 129 574 bus
167 510 270 575 fossas
306 511 528 576 Romanorum
566 512 764 596 compleant,
801 509 843 574 ad
879 515 981 573 castra
1086 523 1087 526 ’

68 619 221 698 pergunt.

134 717 229 782 XIX.
264 717 370 783 Locus
395 725 463 784 erat
485 718 590 784 editus
620 725 653 784 et
674 718 829 803 paulatim
851 717 890 782 ab
914 715 978 780 imo
1001 738 1013 775 1

69 820 204 885 adclivis
233 822 359 886 circiter
389 844 501 906 passus
523 823 621 888 mille.
660 823 722 886 huo
746 840 862 905 magno
887 841 981 884 cursu

70 925 323 1007 contenderunt,
355 933 390 991 ut
421 948 516 1011 quam
549 925 716 989 minimum
747 924 841 1009 spatii
873 923 914 986 ad
945 942 980 987 se

70 1027 272 1112 colligendos
294 1028 449 1092 Romanis
473 1029 618 1109 daretur,
648 1028 884 1112 exanimatique
906 1046 979 1110 per-

69 1136 239 1195 venerunt.
284 1131 420 1196 Sabinus
442 1153 517 1196 suos
546 1134 693 1197 hortatus
715 1133 916 1217 cupientibus
938 1130 979 1193 si·
1001 1151 1014 1190 a

70 1255 171 1318 gnum
188 1235 252 1298 dat.
290 1235 452 1320 impeditis
475 1235 620 1299 hostibus
644 1236 749 1300 subito
767 1235 890 1299 duabus
904 1254 979 1318 por·

71 1338 111 1400 tis
134 1337 336 1421 eruptionem
365 1337 434 1401 fieri
463 1339 561 1402 iubet.
606 1339 797 1403 factumest
826 1343 1014 1422 opportu-a

70 1441 170 1503 nitate
200 1440 279 1520 loci,
308 1439 448 1504 hostium
477 1441 644 1506 inscientia
674 1463 710 1506 ac
740 1440 979 1525 defatigatione,

70 1542 187 1606 virtute
210 1542 347 1604 militum
369 1549 401 1606 et
424 1544 624 1627 superiorum
652 1565 832 1628 pugnarum
856 1546 979 1609 exerei-

70 1645 209 1726 tatione,
239 1651 275 1708 ut
303 1664 345 1708 ne
374 1667 472 1710 unum
503 1646 633 1729 quidem
662 1648 818 1731 impetum
850 1647 979 1728 ferrent,

72 1749 178 1813 statim
203 1754 295 1833 terga
316 1756 490 1816 verterent.
529 1772 609 1835 quos
631 1752 763 1834 integris
779 1752 898 1815 viribus
920 1751 979 1813 mi·
1001 1772 1013 1810 r

72 1852 143 1918 lites
181 1853 345 1918 consecuti
362 1861 364 1865 ’
382 1875 533 1937 magnum
571 1875 740 1919 numerum
779 1854 979 1936 ceciderunt3

72 1957 213 2042 reliquos
241 1958 365 2043 equites
395 1959 571 2022 consectati
599 1978 733 2042 paucos,
763 1959 816 2043 qui
840 1958 980 2040 exsuge

73 2065 254 2142 evaserant,
284 2058 490 2144 reliquerunt.
535 2061 581 2124 sio
609 2080 674 2124 uno
704 2065 852 2145 tempore
882 2061 977 2126 etde
1002 2083 1014 2120 s

40 2196 42 2202 ·
72 2163 177 2228 navali
198 2183 308 2248 pugna
330 2162 465 2228 Sabinus
489 2170 520 2226 et
544 2163 584 2227 de
608 2162 717 2228 Sabini
739 2164 874 2228 victoria
899 2163 978 2229 Cae·
1072 2211 1074 2216 -

73 2289 123 2332 sar
143 2268 264 2333 certior
285 2269 402 2333 factus:
436 2268 644 2351 civitatesque
675 2287 785 2330 omnes
809 2287 842 2330 se
873 2268 979 2331 statim

75 2370 277 2435 dediderunt.
320 2393 395 2435 nam
425 2377 460 2435 ut
489 2371 530 2434 ad
557 2370 643 2436 belle
672 2369 876 2453 suscipienda
903 2369 1014 2433 Gal-e

73 2473 176 2538 lorum
219 2475 325 2539 alacer
367 2494 404 2538 ac
447 2479 614 2558 promptus
659 2477 708 2536 est
750 2472 892 2553 animus,
936 2474 980 2537 sio

74 2578 178 2641 mollis
209 2599 246 2642 ac
267 2578 399 2642 minime
428 2577 581 2642 resistens
610 2575 651 2639 ad
680 2575 877 2640 calamitates
906 2596 979 2660 per-

74 2679 232 2745 ferendas.

134 2782 213 2847 XX.
255 2784 382 2850 Eodem
411 2790 557 2868 tempore
592 2784 629 2847 P.
661 2782 812 2866 Crassus,
847 2805 918 2848 cum
947 2784 1012 2851 inr

75 2884 278 2971 Aquitaniam
293 2889 504 2974 pervenisset,
524 2908 605 2972 quae
621 2908 704 2971 pars,
719 2893 755 2950 ut
770 2894 843 2952 ante
860 2887 980 2950 dictum

76 2997 129 3072 est,
155 2995 187 3054 et
211 2991 378 3056 latitudine
402 2998 435 3056 et
455 2989 660 3054 multitudine
682 2996 730 3054 est
744 2989 839 3053 tertia
856 2989 979 3054 Galliae

76 3093 287 3158 aestimanda:
302 3095 356 3159 ubi
366 3094 475 3179 paucis
485 3100 559 3158 ante
573 3095 663 3157 annis
673 3093 710 3157 L.
721 3093 870 3158 Valerius
881 3094 979 3158 Prae·

77 3196 206 3259 coninua
234 3197 360 3278 legatus
392 3199 536 3262 exercitu
565 3197 657 3281 pulso
688 3197 873 3261 interfectus
897 3202 981 3260 esset

77 3304 166 3382 atque
197 3298 284 3364 unde
312 3300 350 3365 L.
379 3301 506 3365 Mallius
536 3300 708 3384 proconsul
743 3298 981 3382 impedimentis

77 3403 196 3466 amissis
218 3402 430 3487 profugisset,
453 3423 518 3466 non
541 3401 737 3467 mediocrem
761 3401 821 3465 sibi
844 3401 980 3484 diligen-
