2332 3892
149 245 189 305 73
515 243 564 292 IV.
592 243 669 291 2-4.

145 415 231 478 bello
265 412 425 498 ceperint,
458 412 571 495 quibus
600 412 757 494 vendant,
788 413 928 477 habeant
960 433 1051 498 quam

65 519 80 551 '
111 541 123 580 a
147 518 234 602 quod
256 519 354 581 ullam
377 539 446 580 rem
471 516 560 579 adse
577 516 731 599 inportari
749 515 943 579 desiderent.
977 517 1053 599 quin

147 624 243 685 etiam
266 621 426 702 iumentis,
450 619 564 704 quibus
587 620 727 683 maxime
747 617 852 682 Gallia
876 618 1055 683 delectatur

146 746 292 809 quaeque
322 726 456 808 inpenso
495 729 609 806 parant
638 723 762 806 pretio,
793 722 962 805 inportatis
989 742 1054 784 non

145 834 294 908 utuntur,
324 825 381 889 sed
405 845 486 909 quae
519 830 592 888 sunt
622 824 707 908 apud
732 845 805 906 eos,
836 845 935 909 parva
957 831 1052 908 atque

147 929 313 1008 deformia,
337 927 513 990 cottidiana
529 929 770 1010 exercitatione,
793 929 909 992 summi
932 934 968 991 ut
992 930 1054 991 sint

110 1055 123 1092 a
145 1032 278 1113 laboris,
302 1032 453 1095 efficiunt.
498 1032 700 1115 equestribus
721 1031 852 1115 proeliis
875 1052 972 1115 saepe
998 1031 1053 1097 de·

145 1135 254 1198 siliunt
283 1154 319 1197 ae
348 1134 486 1218 pedibus
514 1135 714 1217 proeliantur
741 1155 906 1218 equosque
936 1135 1053 1199 eodem

144 1259 312 1303 remanere
337 1239 473 1322 vestigio
498 1237 736 1320 adsuefaciunt,
769 1236 810 1301 ad
836 1257 917 1320 quos
941 1259 975 1302 se
1001 1259 1053 1302 ce·

110 1342 275 1424 cleriter,
319 1363 391 1405 oum
436 1362 530 1421 usus,
574 1340 750 1423 recipiunt3
794 1360 899 1424 neque
942 1361 1054 1404 eorum

144 1445 287 1509 moribus
318 1445 442 1528 turpius
480 1445 648 1528 quicquam
693 1450 748 1507 aut
784 1444 917 1507 inertius
954 1445 1053 1509 habe·

110 1556 197 1610 stur
228 1569 322 1633 quam
358 1546 517 1630 ephippiis
545 1547 608 1609 uti:
641 1552 736 1631 atque
768 1546 912 1629 quemvis
941 1567 1053 1611 nume·

143 1672 215 1713 rum
238 1650 497 1734 ephippiatorum
521 1650 664 1733 equitum
687 1650 831 1733 quamvis
846 1650 940 1732 pauci
962 1650 1053 1714 adire

144 1753 274 1816 audent.

109 1882 121 1920 1
208 1854 270 1918 IIL
307 1855 441 1918 Publice
472 1855 645 1918 maximam
676 1861 791 1938 putant
822 1877 892 1920 esse
922 1857 1052 1920 laudem

109 1985 121 2023 a
145 1979 240 2041 quam
255 1957 408 2020 latissime
424 1959 550 2039 vagari:
572 1959 642 2039 ,hac
664 1979 699 2021 re
715 1958 885 2041 significari
900 1980 1052 2042 magnum

143 2080 312 2124 numerum
346 2061 524 2123 civitatium
556 2081 646 2123 suam
677 2061 741 2123 vim
774 2081 839 2124 non
873 2060 1052 2127 sustinere‘

107 2180 121 2219 a
143 2164 249 2246 itaque
273 2182 336 2225 una
354 2170 503 2246 exparte
519 2164 644 2226 circiter
661 2163 748 2225 inilia
762 2183 912 2246 passuum
927 2188 966 2228 no
982 2165 1053 2248 agri

143 2286 257 2329 vacare
288 2265 445 2327 dicuntur.
490 2264 531 2327 ad
560 2265 693 2328 alteram
722 2272 846 2348 partem
876 2267 1053 2330 succedunt

142 2369 234 2450 Ubii,
267 2388 403 2452 quorum
434 2367 494 2430 fuit
523 2367 634 2430 civitas
663 2368 769 2451 ampla
799 2374 894 2451 atque
922 2369 1052 2452 florens,

142 2478 178 2533 ut
202 2477 250 2533 est
269 2476 380 2554 captus
398 2470 647 2534 Germanorum:
672 2478 705 2534 et
726 2470 821 2555 paulo
838 2478 912 2534 sunt
935 2475 1052 2537 ceteris

142 2573 363 2654 humaniores,
392 2579 566 2658 propterea
595 2574 681 2657 quod
709 2575 859 2638 Rhenum
889 2577 1053 2660 attingunt

107 2698 120 2734 ι
142 2678 340 2760 multumque
363 2683 558 2740 mercatores
581 2678 748 2756 ventitant,
772 2685 804 2741 et
826 2678 957 2742 Gallicis
980 2701 1051 2743 mo-

140 2782 228 2845 ribus
259 2780 445 2844 adsuefacti.
490 2781 549 2843 hos
581 2801 653 2843 oum
683 2780 781 2844 Suebi
812 2782 920 2844 multis
950 2804 1051 2868 saepe

140 2884 234 2948 bellis
256 2884 383 2968 experti
411 2891 544 2968 propter
573 2883 818 2967 amplitudinem
840 2885 1050 2966 gravitatem-

140 3007 203 3070 que
221 2986 336 3050 finibus
352 2987 516 3070 expellere
532 3005 597 3049 non
612 2986 800 3070 potuissent,
823 2993 932 3051 tamen
948 2991 1050 3053 recti-

140 3091 231 3174 gales
253 3091 313 3154 sibi
335 3090 490 3154 fecerunt.

105 3218 117 3257 1
203 3191 262 3255 IV.
293 3190 333 3255 In
356 3190 470 3255 eadem
486 3212 580 3254 causa
601 3191 731 3255 fuerunt
745 3191 898 3276 Usipetes
914 3199 948 3257 et
961 3193 1049 3259 Ten-

140 3296 229 3377 cteri,
259 3296 312 3380 qui
335 3294 515 3377 complures
537 3315 638 3358 annos
661 3294 841 3358 Sueborum
863 3294 929 3358 vim
952 3298 1048 3360 susti·

139 3404 292 3478 puerunt,
322 3399 363 3460 ad
392 3405 573 3462 extremum
601 3406 710 3461 tamen
737 3398 863 3481 expulsi
891 3404 926 3462 et
947 3400 1048 3464 trien·
