2332 3892
158 245 217 306 108
526 248 560 297 v.
588 250 698 298 19-21.

122 441 134 479 1
220 417 312 482 XIX.
348 417 605 486 Cassivellaunus
628 420 767 483 dimissis
783 418 993 502 amplioribus
1013 439 1061 481 co·

53 568 55 573 ,
153 521 233 603 piis,
263 523 391 585 milibus
415 524 539 588 circiter
562 531 710 607 quattuor
734 523 970 588 essedariorum
992 521 1060 584 roli-

158 625 216 688 ctis
239 626 354 689 itinera
367 632 476 690 nostra
494 629 641 691 servabat
662 628 742 691 loeis
762 626 926 710 inpeditis,
950 645 1063 710 pecora

122 734 251 810 ratque
295 728 441 791 homines
480 728 712 811 compellebat,
753 729 900 792 omnibus
945 728 1063 791 semitis

157 831 336 894 essedarios
360 831 526 894 emittebat
548 837 643 913 atque
665 833 727 895 hoc
742 840 830 895 metu
846 833 941 896 latius
958 832 1064 917 vagari

123 933 357 1017 aprohibebat.
402 932 656 1017 relinquebatur,
685 940 720 998 ut
749 955 852 1017 neque
875 935 1005 1019 longius
1026 935 1063 998 ab

157 1038 285 1120 agmine
318 1036 440 1100 discedi
474 1037 591 1100 Caesar
621 1045 786 1120 pateretur
816 1045 848 1102 et
880 1046 1005 1103 tantum
1034 1040 1064 1102 in

157 1141 242 1224 agris
273 1140 436 1204 uastandis
467 1140 687 1223 incendiisque
710 1141 865 1205 faciendis
887 1149 1065 1206 noceretur.

123 1270 135 1309 1
222 1242 298 1306 XX.
335 1243 468 1307 Interim
490 1243 721 1324 Trinobantes,
753 1264 855 1327 prope
886 1243 1064 1308 firmissima

158 1347 278 1427 civitas,
302 1368 343 1410 cx
366 1367 428 1429 qua
442 1346 688 1410 Mandubracius
712 1345 901 1410 adulescens
920 1346 1063 1411 Caesaris

157 1452 253 1515 fidem
292 1459 418 1515 secutus
456 1452 490 1514 in
532 1451 748 1515 continentem
785 1457 936 1532 venerat,
979 1452 1064 1514 cuius

156 1561 249 1637 pater
270 1575 404 1638 regnum
427 1545 574 1618 tenuerat
595 1553 795 1634 (interfectus
827 1563 896 1619 erat
918 1576 938 1618 a
962 1554 1063 1618 Cassi-

67 1726 71 1734 ,
157 1657 316 1737 vellauno,
340 1657 409 1739 ipse
432 1657 508 1739 fuga
529 1663 667 1720 mortem
688 1654 859 1736 vitaverat)
875 1657 1003 1740 legatos
1025 1657 1064 1720 ad

124 1783 136 1821 a
160 1759 330 1823 Caesarem
353 1759 498 1821 mittunt:
528 1778 610 1838 ,sese
640 1759 670 1820 ei
701 1758 866 1823 dedituros
889 1764 985 1843 atquc
1008 1761 1063 1823 im·

123 1887 135 1924 s
158 1869 268 1946 perata
290 1862 444 1940 laotur·os;
473 1860 737 1925 Mandubracium
760 1862 799 1926 ab
822 1863 938 1927 iniuria
962 1862 1064 1926 Cassi·

157 1966 297 2030 uellauni
324 1964 475 2028 defendat
505 1970 599 2047 atque
629 1965 751 2045 mittat,
783 1966 837 2047 qui
866 1966 987 2048 praesit
1008 1967 1064 2028 im·

123 2069 344 2151 speriumque
369 2064 531 2131 obtineat‘
561 2068 611 2131 his
636 2067 753 2131 Caesar
775 2070 913 2152 imperat
936 2068 1064 2134 obsides

155 2197 195 2236 xn
217 2173 472 2253 frumentumque
496 2170 651 2234 exercitui
674 2171 1000 2255 Mandubraciumque
1023 2171 1063 2235 ad

158 2297 213 2341 eos
243 2275 349 2338 mittit.
394 2274 441 2335 illi
472 2274 628 2356 imperata
651 2275 798 2339 celeriter
819 2276 980 2358 fecerunt,
1011 2275 1064 2339 ob·

158 2379 243 2442 sides
267 2377 308 2440 ad
330 2398 498 2441 numerum
522 2377 686 2439 miserunt.
787 2382 790 2386 “

122 2507 134 2546 1
220 2479 313 2544 XXI.
344 2480 591 2543 Trinobantibus
614 2479 754 2543 delensis
777 2482 817 2544 ab
842 2481 929 2544 omni
950 2480 1064 2544 iniuria

158 2585 362 2666 Cenimagni,
386 2582 588 2665 Segontiaci,
610 2581 786 2666 Ancalites,
809 2585 950 2665 Bibroci,
975 2584 1065 2648 Cassi

122 2713 134 2750 a
155 2687 369 2772 legationibus
392 2687 496 2749 missis
520 2707 590 2750 sese
616 2687 745 2751 Caesari
768 2687 899 2751 dedunt.
947 2709 1064 2771 cogno·

156 2792 231 2872 scit,
269 2811 334 2853 non
365 2790 462 2873 longe
495 2789 648 2873 oppidum
682 2790 914 2855 Cassivellauni
951 2792 1063 2856 abesse

155 2895 243 2958 siluis
266 2893 498 2976 paludibusque
527 2895 700 2975 munitum,
729 2914 791 2978 quo
823 2895 898 2957 satis
929 2915 1064 2978 magnus

121 2998 321 3061 shominum
343 2997 532 3079 pecorisque
555 3017 704 3059 numerus
732 2997 926 3061 convenerit.
974 2998 1065 3081 oppi-

156 3100 232 3163 dum
264 3106 370 3163 autem
401 3100 548 3163 Britanni
579 3107 714 3181 uocant,
747 3122 818 3163 cum
850 3101 946 3163 silvas
978 3100 1062 3163 vallo

91 3271 93 3277 Α
122 3209 249 3285 ratque
272 3202 359 3265 fossa
380 3203 571 3265 munierunt.
618 3222 656 3266 eo
680 3203 889 3286 proficiscitur
919 3223 992 3265 cum
1019 3203 1063 3264 le·

155 3307 317 3390 gionibus:
347 3308 453 3370 locum
482 3306 604 3369 duabus
635 3307 840 3389 expertibus
865 3325 1061 3388 oppugnare.

121 3430 133 3466 s
154 3409 264 3472 hostes
287 3409 450 3491 paulisper
472 3409 587 3471 morati
610 3429 681 3471 1111
704 3410 766 3472 alia
782 3414 871 3492 parte
888 3410 1062 3472 eiecerunt.
