2332 3892
208 245 249 305 62
581 243 631 293 111.
660 241 736 292 r—c.

209 413 356 497 daretur,
386 415 496 479 hostes
521 436 563 479 ex
586 414 733 478 omnibus
755 413 899 498 partibus
923 413 1015 496 signo
1042 413 1119 478 dato

208 518 395 600 decurrere,
427 518 550 602 lapides
577 538 738 601 gaesaque
761 516 794 580 in
817 517 936 581 vallum
961 517 1119 582 conicere.

172 625 306 689 2nostri
344 623 448 708 primo
490 623 622 706 integris
657 621 777 684 viribus
810 620 937 684 fortiter
970 642 1117 705 pugnare

206 733 310 813 neque
339 728 440 792 ullum
461 727 579 790 frustra
602 726 703 790 telum
732 725 880 803 mittere,
910 730 947 788 ut
971 745 1118 809 quaeque

205 854 279 916 pars
303 837 478 896 castrorum
501 829 621 894 nudata
650 828 871 893 defensoribus
901 828 1005 912 premi
1028 827 1118 892 vide·

171 937 313 1017 abatur,
347 955 385 999 eo
410 955 577 998 occurrere
609 939 641 997 et
664 933 821 997 auxilium
842 932 942 1012 ferre,
975 931 1034 997 sed
1057 933 1119 996 hoc

207 1038 359 1123 superari,
384 1037 471 1122 quod
493 1038 603 1102 hostes
628 1035 745 1100 defessi
763 1035 887 1120 proelio
904 1023 1118 1117 excedebant,

168 1144 259 1221 salii
281 1141 416 1224 integris
439 1141 558 1205 viribus
581 1138 812 1220 suocedebant;
846 1159 979 1222 quarum
1009 1160 1118 1203 rerum

205 1244 362 1309 anostris
392 1248 525 1330 propter
551 1243 746 1327 paucitatem
776 1241 844 1306 fieri
874 1241 953 1304 nihil
976 1249 1115 1326 poterat,

203 1370 240 1413 ac
263 1369 329 1412 non
349 1346 447 1410 modo
473 1346 599 1410 defesso
623 1344 741 1409 sedne
765 1345 871 1408 saucio
896 1344 1028 1428 quidem
1044 1346 1114 1410 eius

204 1451 277 1528 loci,
302 1450 356 1513 ubi
373 1449 569 1532 constiterat,
592 1447 795 1532 relinquendi
816 1466 853 1510 ac
870 1448 919 1511 sui
933 1448 1113 1532 recipiendi

204 1553 339 1617 facultas
363 1552 507 1617 dabatur.

169 1684 180 1722 1
269 1653 311 1719 V.
351 1655 432 1719 Cum
466 1657 529 1719 iam
564 1655 699 1740 amplius
730 1656 817 1719 horis
852 1679 882 1719 v1
915 1656 1117 1723 continenter

203 1765 403 1843 pugnaretur
431 1780 467 1822 ac
496 1779 562 1822 non
591 1759 695 1822 solum
727 1759 811 1822 vires
843 1757 901 1821 sed
931 1759 1028 1822 etiam
1051 1761 1118 1825 tela

114 1862 117 1867 ’
191 1863 381 1928 deficerent
408 1868 503 1947 atque
536 1863 646 1926 hostes
674 1861 776 1925 acrius
806 1862 961 1925 instarent
990 1863 1115 1946 langui-

190 1965 412 2050 ⁵·dioribusque
450 1967 566 2030 nostris
602 1964 722 2029 vallum
760 1964 906 2029 scindere
945 1971 978 2029 et
1014 1967 1116 2031 fossas

205 2069 369 2153 complere
404 2070 586 2152 coepissent
620 2089 736 2152 resque
769 2073 854 2132 esset
884 2068 948 2131 iam
982 2068 1023 2132 ad
1058 2093 1115 2135 ex-

170 2195 183 2233 n
204 2177 341 2235 tremum
364 2171 529 2256 perducta,
554 2172 590 2234 P.
614 2171 743 2235 Sextius
765 2170 915 2253 Baculus,
939 2171 1036 2255 primi
1058 2173 1116 2257 pili

205 2275 360 2356 centurio,
383 2295 479 2358 quem
494 2273 634 2338 Nervico
650 2274 773 2358 proelio
798 2274 1015 2359 compluribus
1038 2296 1115 2340 con-

204 2377 322 2440 fectum
341 2377 526 2440 vulneribus
550 2376 698 2458 diximus,
724 2382 756 2440 et
771 2378 850 2441 item
867 2377 903 2441 0.
918 2377 1115 2462 Volusenus,

193 2481 349 2543 tribunus
372 2479 519 2559 militum,
542 2479 590 2542 vir
614 2488 646 2542 et
666 2480 788 2544 consilii
805 2481 913 2563 magni
929 2487 962 2545 et
977 2481 1115 2564 virtutis,

204 2581 246 2645 ad
276 2581 412 2645 Galbam
439 2587 570 2644 currunt
599 2603 705 2663 ,unam
729 2603 799 2645 esse
824 2605 914 2667 spem
944 2583 1065 2666 salutis,
1089 2585 1115 2647 si

169 2707 182 2746 a
206 2684 373 2768 eruptione
402 2684 485 2748 facta
514 2691 694 2748 extremum
725 2684 968 2769 experirentur.
1005 2687 1116 2770 itaque

205 2786 389 2850 convocatis
406 2787 644 2852 centurionibus
661 2788 809 2853 celeriter
825 2789 944 2853 milites
960 2791 1115 2854 certiores

205 2890 281 2954 facit
304 2891 476 2975 ,paulisper
498 2893 747 2957 intermitterent
768 2893 927 2975 proelium
943 2912 1049 2976 >seque
1073 2915 1114 2959 ex

194 2992 313 3057 ‘labore
346 2994 531 3076 reficerent,
564 3001 638 3079 post
670 2994 744 3058 dato
780 2996 871 3078 signo
907 3004 1114 3079 erumperent

204 3106 300 3179 atque
323 3117 451 3160 omnem
474 3119 565 3181 spem
594 3098 703 3161 salutis
732 3098 765 3160 in
787 3098 904 3166 virtute
934 3097 1114 3182 ponerent‘.

57 3248 60 3253 .
156 3219 181 3256 ,1
268 3195 327 3260 VI.
362 3198 458 3272 Quod
480 3200 556 3262 iussi
580 3206 662 3282 sunt,
685 3201 806 3263 faciunt
828 3221 864 3264 ac
888 3201 992 3264 subito
1011 3201 1112 3264 omni·

203 3300 263 3363 bus
295 3303 395 3385 portis
427 3304 595 3386 eruptione
631 3304 715 3366 facta
746 3325 851 3388 neque
886 3303 1113 3387 cognoscendi,

204 3403 280 3487 quid
302 3404 408 3486 fieret,
437 3426 543 3490 neque
572 3406 621 3469 sui
644 3405 819 3489 colligendi
846 3407 991 3470 hostibus
1014 3406 1113 3470 facul·
