2332 3892
502 265 565 315 vu.
593 265 687 315 s-ro.
975 265 1036 326 159

132 436 248 518 quibus
273 436 434 519 oppressis
456 436 702 520 inopinantibus,
727 438 811 520 quod
835 459 869 501 se
887 437 1037 502 Cevenna
1057 461 1070 498 a

132 544 167 601 ut
181 560 275 602 muro
292 539 430 603 munitos
447 538 683 621 existimabant,
707 541 867 625 equitibus
889 542 1035 625 imperat,

131 648 286 724 utquam
314 642 467 705 latissime
496 649 652 725 vagentur
682 650 714 706 et
743 664 838 727 quam
861 644 1036 708 maximum

131 745 279 810 hostibus
315 752 471 809 terrorem
505 746 652 810 inferant.
706 748 852 811 celeriter
883 747 964 812 haec
994 744 1070 809 adr

129 849 433 934 Vercingetorigem
476 851 691 933 perferuntur3
738 870 833 934 quem
876 851 1037 935 perterriti
1096 885 1097 888 κ

130 975 244 1018 omncs
266 952 405 1018 Arverni
428 955 663 1018 circumsistunt
684 961 778 1038 atque
803 954 979 1036 obsecrant,
1001 961 1037 1018 ut

129 1059 195 1122 suis
227 1059 361 1123 fortunis
396 1059 559 1140 consulat,
596 1059 785 1142 praesertim
819 1079 891 1121 cum
927 1058 1036 1123 videat

130 1183 226 1227 omne
258 1162 298 1226 ad
336 1183 370 1225 se
404 1163 526 1234 bellum
557 1163 756 1225 translatum.
810 1182 944 1246 quorum
980 1164 1070 1227 ille⁶

128 1265 278 1350 precibus
309 1271 473 1349 permotus
506 1272 608 1329 castra
637 1286 679 1328 ex
700 1266 898 1350 Biturigibus
927 1274 1036 1330 movet

126 1368 294 1433 Arvernos
317 1388 439 1433 versus.

192 1469 253 1534 IX.
283 1468 329 1533 At
352 1469 471 1534 Cacsar
492 1471 625 1535 biduum
648 1472 682 1536 in
707 1473 758 1536 his
780 1473 859 1537 locis
882 1479 1034 1556 moratus,
1056 1497 1068 1535 1

127 1575 216 1658 quod
252 1575 332 1639 haec
365 1595 427 1637 usn
461 1583 596 1639 ventura
634 1575 783 1659 opinione
816 1582 1034 1659 praeceperat,

127 1677 265 1741 Brutum
286 1677 526 1741 adulescentem
548 1679 598 1742 his
615 1679 715 1762 copiis
730 1679 890 1763 praeficit,
914 1687 1034 1762 monet,
1056 1702 1068 1740 a

128 1782 220 1845 utin
242 1800 353 1845 omnes
383 1786 489 1863 partes
520 1781 646 1863 equites
669 1801 764 1864 quam
785 1781 940 1845 latissime
962 1802 1034 1866 per·

127 1889 298 1970 vagentur:
322 1882 481 1964 ‚daturum
504 1904 537 1946 se
562 1903 702 1967 operam,
724 1903 765 1946 ne
783 1884 911 1967 longius
925 1884 1033 1949 triduo

127 1984 237 2069 absit3‘
268 2007 363 2070 quam
384 1987 532 2068 maximis
555 1992 663 2070 potest
685 1986 851 2049 itineribus
871 1985 1033 2050 Viennam
1054 2006 1067 2048 a

126 2091 283 2175 pervenit.
320 2091 366 2154 ibi
387 2098 520 2154 nanctus
543 2098 706 2154 recentem
729 2091 905 2173 equitatum
926 2111 1031 2173 neque
1054 2113 1067 2150 4

127 2194 241 2258 dimne
273 2212 378 2276 neque
414 2199 569 2257 nocturno
606 2194 720 2257 itinere
756 2194 937 2258 intermisso
974 2215 1033 2278 per

126 2300 205 2362 fines
227 2295 417 2360 Aeduorum
440 2297 473 2359 in
495 2294 658 2380 Lingones
682 2297 855 2378 contendit,
878 2297 934 2361 ubi
949 2297 1032 2361 duae

126 2402 273 2486 legiones
305 2399 507 2479 hiemabant,
539 2405 591 2476 ut,
634 2397 739 2481 siquid
771 2399 868 2462 etiam
903 2399 943 2463 ab
982 2399 1032 2463 his

127 2507 260 2569 iniretur
282 2503 421 2583 consilii,
447 2503 609 2566 celeritate
631 2507 873 2584 praecurreret:
897 2501 938 2564 ad
960 2502 1066 2565 reli-5

127 2629 205 2692 quas
236 2606 382 2690 legiones
413 2605 511 2668 mittit
542 2605 692 2688 priusque
726 2624 837 2668 omnes
867 2605 901 2667 in
932 2627 1032 2668 unum

126 2712 233 2776 locum
257 2709 342 2792 cogit
364 2727 460 2791 quam
475 2707 515 2770 de
533 2708 601 2777 eius
620 2706 761 2770 adventu
776 2705 930 2771 Arvernis
952 2730 1032 2771 nun-

127 2815 198 2878 tiari
219 2817 340 2896 posset.
377 2811 437 2874 hac
458 2830 493 2873 re
518 2810 646 2894 cognita
660 2809 908 2893 Vercingetorix
923 2831 1031 2872 rursus
1052 2831 1065 2869 c

128 2918 158 2982 in
197 2915 361 2999 Bituriges
392 2923 487 2998 atque
523 2915 598 2977 inde
634 2913 796 2996 profectus
836 2914 1031 2995 Gergoviam
1138 2925 1140 2932 '

129 3018 291 3100 Boiorum,
314 3039 394 3102 quos
417 3019 462 3082 ibi
483 3017 656 3081 Helvetico
679 3017 801 3100 proelio
825 3016 927 3080 victos
952 3015 1031 3079 (iae-

130 3142 177 3185 sar
186 3123 411 3186 conlocaverat
419 3118 606 3204 Aeduisque
616 3118 824 3198 adtribuerat,
835 3139 1030 3201 oppugnare.

189 3221 233 3285 X.
270 3222 423 3305 Magnam
458 3222 539 3285 haec
569 3242 620 3284 res
654 3219 783 3284 Caesari
812 3220 1062 3283 difficultatemr

129 3324 306 3388 adferebat:
338 3325 365 3387 si
394 3325 550 3407 reliquam
580 3331 705 3407 partem
739 3324 854 3388 hiemis
884 3324 1030 3407 legiones

130 3429 313 3506 contineret,
334 3448 375 3490 ne
399 3426 613 3510 stipendiariis
629 3425 817 3490 Aeduorum
838 3428 1029 3509 expugnatis
