2332 3892
198 240 258 302 113
557 194 592 289 u.
620 239 732 289 sr-sc.

159 410 297 474 sficitur
329 432 402 479 cum
433 410 574 474 maxima
603 416 694 494 parte
725 410 873 474 militum.
917 409 1034 494 reliqui
1073 431 1108 474 se

193 514 361 598 recipiunt.
386 535 427 578 ex
445 514 560 597 quibus
576 513 613 576 L.
629 512 830 578 Petrosidius
853 512 1011 596 aquilifer,
1036 534 1108 576 cum

193 639 311 702 magna
332 616 538 708 multitudine
560 617 702 681 hostium
723 622 942 700 premeretur,
966 616 1107 699 aquilam

193 721 277 784 intra
305 720 426 784 vallum
454 719 606 803 proiecit,
637 720 707 803 ipse
734 740 793 803 pro
826 719 936 782 castris
958 739 1108 804 pugnans

160 838 173 877 ε
195 821 360 888 occiditur.
404 840 501 906 aegre
531 820 573 885 ad
603 827 733 886 noctem
758 821 1032 906 oppugnationem
1056 844 1108 887 su·

195 927 329 1006 stinent;
352 925 394 989 ad
415 944 515 989 unum
539 945 649 989 omnes
674 923 845 1007 desperata
867 925 970 989 salute
994 945 1028 988 se
1044 926 1108 1009 ipsi

160 1028 396 1092 tinterficiunt.
439 1029 534 1112 pauci
564 1029 665 1112 elapsi
693 1028 823 1093 incertis
852 1029 1019 1093 itineribus
1049 1050 1109 1113 per

194 1133 290 1197 silvas
313 1133 354 1196 ad
376 1133 412 1197 Τ.
435 1133 614 1197 Labienum
635 1133 780 1217 legatum
801 1133 1003 1216 perveniunt.

159 1255 172 1296 1
258 1234 452 1300 XXXVIII.
488 1237 561 1301 Hac
590 1237 726 1302 victoria
761 1237 904 1300 sublatus
932 1235 1108 1302 Ambiorix

195 1340 302 1403 statim
325 1360 398 1403 cum
427 1340 571 1424 equitatu
601 1340 636 1404 in
656 1328 846 1404 Aduatucos
876 1340 1106 1423 proficiscitur;

193 1462 297 1526 neque
319 1447 449 1506 noctem
470 1462 576 1526 neque
599 1442 686 1506 diem
708 1442 892 1506 intermittit
909 1443 1107 1527 peditatum-

159 1563 256 1629 2que
279 1545 430 1628 subsequi
459 1545 558 1609 iubet.
603 1567 639 1609 re
671 1546 891 1612 demonstrata
911 1544 1108 1611 Aduatucis-

154 1701 156 1706 .
194 1668 256 1732 que
286 1648 451 1712 concitatis
480 1654 611 1731 postero
641 1648 694 1712 die
724 1650 759 1713 in
788 1649 927 1714 Nervios
957 1652 1108 1733 pervenit

193 1751 412 1834 hortaturque,
434 1771 475 1815 ne
499 1750 549 1814 sui
570 1751 605 1815 in
626 1757 819 1834 perpetuum
833 1751 992 1816 liberandi
1008 1759 1107 1837 atque

158 1879 171 1918 s
193 1852 369 1917 ulciscendi
391 1853 555 1917 Romanos
578 1854 780 1919 occasionem
796 1854 972 1919 dimittant:
996 1857 1107 1938 ,inter-

192 1955 295 2019 fectos
312 1976 382 2019 esse
403 1956 528 2040 legatos
544 1956 625 2021 duos
640 1977 854 2042 magnamque
869 1963 995 2041 partem
1010 1978 1106 2024 exer·

158 2084 171 2122 4
194 2060 275 2122 citus
297 2060 460 2140 interisse3
490 2061 570 2124 nihil
594 2081 665 2124 esse
687 2063 820 2145 negotii,
844 2063 949 2127 subito
974 2083 1108 2146 oppres·

193 2183 262 2225 sam
270 2162 444 2246 legionem,
454 2183 537 2246 quae
547 2185 619 2227 cum
630 2163 785 2229 Oicerone
794 2165 925 2244 hiemet,
939 2163 1106 2247 interfici‘3

192 2285 226 2328 se
249 2265 417 2348 profitetur
439 2266 628 2331 adiutorem.
648 2268 753 2349 vfacile
775 2269 836 2332 hac
859 2268 1002 2332 oratione
1019 2268 1054 2333 N
1056 2289 1106 2332 er·

192 2368 252 2431 viis
275 2366 459 2450 persuadet.
696 2438 699 2447 ,
863 2413 866 2417 ‹

158 2494 170 2534 1
256 2468 415 2535 XXXIX.
446 2470 560 2554 Itaque
585 2471 753 2535 confestim
772 2470 911 2536 dimissis
926 2474 1047 2537 nuntiis
1064 2473 1107 2538 ad

193 2572 387 2656 Ceutrones,
412 2574 569 2656 Grudios,
591 2574 753 2656 Levacos,
775 2573 1003 2660 Pleumoxios,
1028 2577 1107 2641 Gei-

191 2675 345 2756 dumnos,
377 2677 431 2761 qui
456 2697 567 2742 omnes
591 2679 649 2742 sub
681 2699 794 2743 eorum
822 2679 975 2762 imperio,
1008 2700 1108 2764 quam

191 2779 347 2843 maximas
371 2800 482 2843 manus
506 2787 625 2864 cogunt
647 2786 680 2845 et
703 2778 743 2843 de
763 2781 937 2863 improviso
954 2779 997 2844 ad
1012 2780 1107 2846 Oice·

185 2903 303 2959 ,ronem
325 2881 476 2946 advolant
499 2882 643 2946 nondum
665 2880 707 2945 ad
730 2901 804 2946 eum
826 2882 911 2946 fama
932 2882 973 2947 de
988 2883 1106 2949 Titurii

148 2990 293 3048 remorto
321 2983 454 3067 perlata.
499 2985 552 3048 hic
582 3004 708 3069 quoque
737 2982 870 3066 accidit,
901 2990 936 3049 ut
957 2987 1106 3051 nonnulli

189 3088 307 3151 milites
323 3087 491 3169 repentino
509 3087 653 3171 equitum
668 3084 809 3150 adventu
823 3087 1104 3171 interciperentur.

154 3191 239 3254 slsis
262 3189 487 3252 circumventis
510 3210 629 3281 magna
648 3211 745 3254 manu
767 3190 955 3272 Eburones,
977 3191 1102 3274 Nervii,

188 3290 351 3355 Aduatuci
383 3297 477 3374 atque
509 3291 624 3355 horum
656 3292 798 3357 omnium
829 3293 928 3376 socii,
968 3294 1103 3360 clientes

189 3395 353 3478 legionem
383 3413 580 3478 oppugnare.
623 3395 725 3458 nostri
753 3395 900 3459 celeriter
938 3396 981 3459 ad
1014 3419 1103 3461 arms
