2332 3892
156 243 198 307 80
530 241 579 292 1v.
608 241 685 292 o-o.

121 444 134 483 e
157 420 244 478 cetus
268 419 345 496 erat,
374 412 458 477 foeta
480 413 647 496 cognovit:
678 412 799 493 ,missas
821 410 1001 494 legationes
1024 411 1062 475 ab

156 517 316 581 nonnullis
349 517 528 580 civitatibus
564 516 605 579 ed
638 513 816 579 Germanos
849 515 1062 599 invitatosque

157 640 225 702 eos,
247 621 295 682 uti
317 619 357 683 ab
375 618 491 682 Rheno
517 617 737 682 discederent:
762 618 878 698 omnio,
902 637 985 702 quae
1008 638 1065 701 po·

122 723 346 803 ustulassent,
378 721 448 785 fore
476 719 607 805 parata.‘
653 741 714 804 qua
743 741 799 804 spe
829 719 961 782 addnoti
985 718 1064 782 Ger-

157 825 241 890 mani
265 823 359 886 latius
382 823 579 906 vagabantur
609 828 641 886 et
663 823 697 885 in
719 822 798 886 fines
821 821 1009 886 Eburonum
1034 828 1066 886 et

158 926 412 1007 Condrusorum,
436 927 491 1010 qui
506 932 580 989 sunt
595 925 809 1000 Treverorum
826 925 971 1007 clientes,
993 946 1065 1010 per·

122 1034 320 1095 nvenerunt.
357 1029 553 1114 principibus
571 1028 694 1091 Galliae
718 1028 859 1092 evocatis
877 1027 996 1091 Caesar
1019 1048 1065 1109 ea,

157 1152 239 1215 quae
273 1138 486 1214 cognoverat,
519 1130 748 1194 dissimulande
780 1130 840 1193 sibi
872 1129 1067 1194 existimavit

156 1254 333 1319 eorumque
363 1235 476 1297 enlmis
499 1233 669 1317 permulsis
697 1239 731 1297 et
753 1233 945 1297 confirmatis
976 1235 1065 1318 equi-

156 1343 288 1423 tatuque
317 1338 473 1421 imperato
504 1336 625 1400 bellum
656 1356 728 1398 eum
753 1335 921 1400 Germanis
950 1358 1065 1421 gerere

157 1440 331 1503 constituit.
355 1489 358 1496 .
966 1436 970 1443 ’

124 1561 136 1600 1
219 1541 295 1605 VH.
327 1543 377 1607 Re
401 1543 608 1608 frumentario
630 1550 812 1629 comparato
839 1545 1062 1630 equitibusque

123 1643 291 1707 odeleotis
319 1644 381 1707 iter
410 1646 505 1709 inea
533 1646 605 1709 loeo
633 1647 749 1711 faeere.
796 1668 867 1710 oum
890 1669 1065 1731 pancorum

158 1747 281 1811 dierum
311 1746 454 1829 obesset,
487 1749 585 1831 legati
613 1756 801 1831 venerunt‚·
819 1769 954 1833 quorum
985 1750 1066 1816 haee

123 1877 136 1914 e
157 1847 218 1910 fuit
241 1850 359 1912 oratio:
384 1849 574 1931 ,Germanos
596 1871 701 1934 neque
722 1851 845 1935 priores
860 1852 981 1935 populo
998 1851 1065 1915 Ro·

158 1942 252 2015 mano
276 1953 397 2016 bellum
425 1953 543 2018 inferre
573 1975 678 2039 neque
707 1960 815 2018 temen
845 1974 1009 2036 recusare,
1040 1956 1067 2018 si

158 2055 363 2138 lacessantur,
388 2058 474 2140 quod
491 2057 690 2121 consuetudo
708 2059 748 2119 sit
771 2079 789 2120 a
806 2058 980 2122 maioribus
1002 2065 1065 2122 tre-

160 2156 236 2238 dite,
259 2160 451 2242 quicumque
475 2159 596 2223 bellurn
618 2160 765 2241 inferent,
788 2161 938 2224 resistere
960 2181 1066 2245 neque

123 2260 334 2344 4depreoari.
379 2261 458 2324 haee
488 2267 595 2324 tomen
626 2262 750 2344 dicere,
781 2263 906 2326 venisse
938 2263 1065 2345 invitos,

159 2365 280 2428 eleetos
308 2363 421 2443 dom03
451 2362 478 2426 si
508 2383 598 2425 suem
627 2364 763 2447 gretiam
786 2365 926 2428 Romani
954 2365 1065 2447 velint,

158 2487 253 2551 posse
272 2467 367 2530 utiles
383 2468 606 2547 essesamieos3
629 2469 683 2531 vel
698 2469 758 2533 sibi
774 2489 868 2552 agros
884 2469 1067 2533 adtribuant

125 2600 137 2636 s
159 2569 212 2634 vel
226 2569 388 2653 patiantur
402 2576 525 2651 tenere,
546 2590 626 2653 quos
642 2571 737 2633 armis
753 2570 971 2654 possederint:
995 2592 1065 2636 sese

65 2736 66 2739 ,
158 2674 229 2737 unis
252 2672 365 2736 Suebis
390 2672 568 2735 coneedere
593 2671 721 2756 (quibus
748 2692 853 2757 neque
881 2675 1066 2738 inmortales

158 2795 253 2860 pares
270 2772 366 2855 esse),
380 2774 539 2857 reliquum
555 2775 588 2837 in
603 2775 697 2838 terris
713 2777 874 2839 neminem
889 2796 956 2839 non
971 2797 1066 2861 supe·

160 2875 251 2942 rare!

126 3015 138 3053 1
223 2978 317 3042 VIII.
350 2977 404 3042 Ad
426 2979 521 3061 haee,
551 3001 631 3064 quae
654 2981 757 3044 visum
788 2987 853 3063 est,
883 2983 1066 3066 respondit3

160 3081 218 3145 sed
248 3081 352 3163 exitus
382 3079 441 3143 fuit
473 3081 641 3145 orationis:
674 3083 745 3163 ,sibi
775 3084 896 3147 nullum
929 3105 1000 3148 eum
1029 3085 1067 3149 iis

161 3183 330 3248 amicitiam
345 3203 415 3246 esse
429 3202 533 3265 posse,
550 3184 575 3245 si
591 3191 810 3265 remanerent3
834 3206 938 3269 neque
954 3207 1074 3250 verum,

161 3306 242 3364 esso,
266 3286 320 3368 qui
342 3305 418 3347 suos
440 3284 519 3348 fines
542 3287 624 3349 tueri
647 3307 711 3349 non
734 3288 914 3371 potuerint,
945 3289 1066 3351 ellenos

126 3407 336 3471 noeoupure3
368 3406 472 3471 neque
506 3386 590 3450 ullos
621 3408 734 3451 vacare
768 3409 877 3472 agros,
911 3389 966 3472 qui
998 3389 1067 3452 dari
