2332 3892
437 243 500 295 v11.
530 245 640 294 ra-n.
932 247 993 309 195

94 440 179 504 luam
198 437 297 503 opera
313 415 398 481 Galli
420 421 589 500 temptare.
617 435 715 500 quare
733 416 774 479 ad
789 416 870 480 haec
885 437 992 480 rursus
1015 441 1028 478 2

94 522 272 588 tddendum
295 520 412 586 Caesar
441 520 581 605 putavit,
614 539 677 604 quo
708 521 831 585 minore
859 541 991 584 numero

94 627 223 692 nilitum
248 625 376 690 defendi
398 628 540 710 possent.
577 624 686 709 itaque
702 624 822 688 truncis
842 624 993 688 arborum

94 735 137 794 cut
160 728 337 793 admodum
365 728 463 792 firmis
486 729 581 791 ramis
604 728 735 792 abscisis
759 733 853 813 atque
876 729 992 792 horum

94 832 250 899 delibratis
283 854 320 896 ac
350 834 530 916 praeacutis
566 833 782 897 cacuminibus
814 838 991 918 perpetuae

94 936 189 1000 'ossae
219 935 333 1021 quinos
359 937 461 1021 pedes
491 936 574 1000 altae
606 936 813 1001 ducebantur.
857 937 920 1001 huc
944 937 1027 1000 illis

94 1040 209 1124 stipites
234 1039 362 1102 demissi
385 1044 418 1103 et
441 1038 480 1103 ab
503 1039 611 1103 infimo
634 1039 785 1122 revincti,
814 1060 856 1105 ne
879 1040 992 1105 revelli

94 1147 236 1226 ¹cessent,
267 1142 306 1206 ab
339 1142 435 1206 ramis
471 1142 664 1208 eminebant.
710 1143 798 1228 quini
830 1144 1028 1209 coniunctis

94 1251 166 1310 nter
196 1267 231 1310 se
261 1251 356 1330 atque
385 1245 568 1328 complicati
600 1244 677 1330 (quo
709 1247 763 1330 qui
784 1247 991 1332 intraverant,

94 1370 118 1414 ie
140 1349 204 1434 ipsi
227 1350 415 1414 acutissimis
438 1350 530 1413 vallis
560 1349 769 1432 induebant):
799 1350 858 1415 hos
881 1352 992 1436 cippos

94 1454 299 1539 cppellabant.
328 1459 402 1518 ants
420 1452 585 1517 ordinibus
607 1453 640 1516 in
656 1454 867 1538 quincuncem
884 1453 991 1538 dispo·
1015 1485 1027 1522 s

94 1557 152 1620 itis
185 1556 316 1622 scrobes
348 1556 501 1641 paulatim
531 1557 716 1640 angustiore
747 1556 885 1641 fastigio.
929 1558 1027 1626 hucc

94 1665 205 1726 cretes
235 1660 360 1745 stipites
392 1660 518 1725 feminis
549 1661 758 1727 crassitudine
796 1661 835 1726 ab
866 1682 991 1726 summo

94 1764 248 1830 >raeacuti
271 1769 310 1829 vet
338 1765 480 1849 praeusti
510 1763 759 1830 demittebantur
780 1765 841 1847 ita,
869 1770 993 1829 utnon

94 1868 345 1955 implius-digitis
363 1873 514 1952 quattuor
529 1888 571 1932 ex
587 1874 673 1933 tarra
687 1869 881 1950 eminerent3
899 1869 993 1932 simul
1015 1896 1027 1934 r

94 1973 203 2056 cinguli
224 1972 264 2037 ab
287 1971 396 2036 infimo
420 1973 489 2036 solo
513 1972 614 2056 pedes
645 1979 756 2037 ternos
780 1970 991 2036 exculcaban-

94 2099 152 2159 ως
183 2077 309 2162 reliqua
328 2097 402 2161 pars
424 2076 546 2141 scrobis
567 2076 609 2140 ad
634 2075 839 2141 occultandas
862 2074 993 2139 insidias

94 2180 255 2247 uminibus
276 2179 490 2264 intcgebatur.
535 2180 629 2244 huius
658 2179 787 2263 generis
811 2178 918 2242 octoni
941 2198 1027 2242 or·s

94 2286 175 2352 lines
204 2291 314 2350 ternos
346 2285 429 2351 inter
462 2305 497 2349 se
531 2283 633 2368 pedes
665 2282 837 2347 distabant.
888 2280 922 2344 id
951 2301 993 2345 ex

94 2388 294 2455 rimilitudine
312 2389 412 2452 lilium
429 2387 660 2473 appellabatur.
689 2392 763 2451 ante
785 2386 865 2450 haec
888 2384 993 2448 taleae
1014 2409 1027 2448 c

94 2492 203 2559 »edem
217 2493 335 2576 longae
349 2490 461 2558 ferreis
476 2491 578 2555 hamis
592 2491 710 2555 infixae
722 2495 811 2555 totae
826 2489 860 2552 in
875 2494 994 2553 terram

94 2594 299 2663 nadiocribus
318 2594 506 2660 intermissis
529 2595 640 2679 spatiis
664 2594 812 2658 omnibus
827 2592 906 2657 locis
930 2592 993 2656 dis·

94 2699 282 2781 ierebantuu
305 2719 385 2782 quos
409 2698 555 2762 stimulos
578 2697 796 2762 nominabant.

146 2799 302 2866 LXXIV.
334 2801 395 2865 His
417 2801 513 2866 rebus
531 2801 682 2886 perfectis
698 2801 848 2884 regiones
865 2805 993 2865 secutus
1014 2829 1026 2868 1

94 2926 179 2991 [uam
201 2906 307 2991 potuit
329 2905 535 2990 aequissimas
551 2926 609 2989 pro
631 2905 697 2969 loci
711 2910 826 2968 natura
840 2927 891 2967 mv
906 2903 994 2966 milia

94 3030 235 3093 ¹>aestuum
257 3008 447 3094 complexus
470 3009 614 3073 eiusdem
637 3007 766 3092 generis
789 3005 992 3087 munitiones,

94 3112 226 3178 tiversas
248 3111 288 3176 ab
310 3112 375 3195 his,
405 3118 516 3176 contra
545 3112 741 3176 exteriorem
770 3111 896 3174 hostem
918 3129 992 3192 per-

94 3216 176 3299 ?ecit‚
208 3221 244 3280 ut
272 3236 313 3279 ne
344 3235 462 3299 magna
491 3214 622 3299 quidem
645 3212 869 3293 multitudine,
899 3213 926 3276 si
948 3213 994 3276 ita

94 3320 216 3402 accidat,
232 3318 447 3384 munitionum
462 3318 623 3403 praesidia
633 3316 842 3381 circumfundi
851 3320 992 3399 possent.

94 3442 128 3486 na
149 3429 255 3488 autam
279 3443 350 3486 cum
373 3423 515 3506 periculo
538 3443 580 3485 ex
596 3422 705 3485 castris
722 3420 833 3504 egredi
850 3425 992 3503 cogatur,
1015 3444 1027 3481 a
