2332 3892
479 246 543 297 VII.
569 247 680 296 51-54.
978 244 1037 306 183

129 416 220 481 collis
237 437 311 481 suos
327 417 410 482 intra
424 418 617 483 munitiones
632 419 772 482 reduxit.
796 438 834 483 eo
852 417 1037 481 die'milites

128 521 224 602 paulo
249 521 353 584 minus
377 523 571 606 septingenti
595 522 778 586 desiderati.

192 620 266 687 LII.
299 623 434 689 Postero
468 625 520 689 die
554 625 671 689 Caesar
703 625 851 689 contione
883 624 1072 689 advocator

128 728 342 792 temeritatem
358 728 627 812 cupiditatemque
643 728 859 812 reprehendit,
875 727 960 811 quod
978 728 1038 790 sibi

128 831 190 914 ipsi
222 829 467 914 iudicavissent,
499 851 562 915 quo
594 829 836 914 procedendum
865 829 1036 912 videretur,

127 955 233 1019 neque
259 935 299 999 ab
322 935 457 1001 tribunis
478 937 615 1000 militum
636 936 814 1020 legatisque
835 934 965 998 retineri
980 954 1037 1017 po-

128 1041 277 1103 tuissent.
301 1045 428 1122 ,quanto
446 1060 542 1123 opere
560 1060 670 1104 eorum
679 1039 777 1103 animi
786 1036 1037 1121 magnitudinem
1053 1057 1097 1097 aa

129 1141 352 1225 admiraretur,
376 1162 456 1226 quos
477 1164 544 1207 non
559 1148 734 1206 castrorum
748 1142 950 1223 munitiones,
973 1162 1039 1205 non

127 1245 263 1310 altitudo
276 1246 404 1329 montis,
419 1268 484 1311 non
493 1268 602 1311 murus
614 1245 725 1329 oppidi
734 1246 860 1309 tardare
870 1245 1036 1328 potuisset,

126 1355 215 1414 tanto
241 1370 338 1434 opere
361 1349 524 1414 licentiam
546 1349 834 1432 arrogantiamque,
858 1347 944 1430 quod
965 1347 1037 1431 plus

126 1473 160 1516 se
198 1474 295 1537 quam
325 1453 551 1537 imperatorem
583 1451 624 1516 de
655 1452 789 1517 victoria
820 1458 914 1534 atque
947 1451 1037 1514 exitu

126 1578 234 1621 rerum
264 1557 381 1621 sentire
412 1556 646 1636 existimarent3
679 1576 743 1618 non
772 1555 876 1618 minus
904 1574 939 1617 se
970 1575 1072 1620 mo·4

127 1659 265 1723 destiam
288 1679 383 1742 quam
405 1659 557 1724 virtutem
579 1653 783 1722 desiderare‘.
838 1661 840 1666 ’

188 1762 281 1826 LIII.
313 1762 386 1826 Hac
413 1762 524 1826 habita
553 1761 702 1826 contione
733 1768 765 1826 et
791 1761 833 1826 ad
856 1767 1036 1826 extremum
1058 1789 1069 1829 1

127 1865 320 1931 confirmatis
351 1864 521 1947 militibus,
553 1884 594 1928 ne
625 1863 665 1928 ob
695 1864 778 1928 hanc
807 1885 935 1928 causam
964 1884 1036 1947 per·

126 1975 340 2050 moverentur,
379 1968 492 2033 eadem
522 1966 562 2032 de
592 1967 791 2052 profectione
822 1968 965 2051 cogitans
991 1969 1036 2031 le·

126 2073 239 2155 giones
271 2070 383 2135 eduxit
414 2071 580 2154 aciemque
611 2070 729 2136 idoneo
759 2071 831 2136 loco
862 2072 1035 2135 constituit.

126 2196 198 2239 cum
213 2173 463 2258 Vercingetorix
484 2174 585 2239 nihilo
608 2175 710 2258 magis
727 2175 761 2238 in
776 2195 913 2259 aequum
928 2175 1035 2239 locum
1057 2203 1070 2243 a

126 2276 346 2360 descenderet,
369 2277 435 2343 levi
456 2277 540 2342 facto
566 2279 706 2361 equestri
728 2279 852 2362 proelio
876 2285 971 2362 atque
995 2299 1033 2342 eo

126 2380 268 2446 secundo
296 2381 331 2445 in
360 2388 462 2445 castra
490 2382 668 2446 exercitum
695 2381 834 2446 reduxit.
873 2401 944 2445 cum
973 2381 1069 2448 hoca

126 2485 210 2550 idem
225 2491 358 2569 postero
376 2483 428 2548 die
444 2484 581 2567 fecisset,
606 2485 682 2549 satis
697 2484 739 2549 ad
756 2486 913 2550 Gallicam
929 2491 1034 2550 osten-

127 2590 281 2654 tationem
309 2588 515 2653 minuendam
544 2589 742 2672 militumque
773 2591 895 2653 animos
922 2591 1034 2654 confir·

126 2693 260 2758 mundos
275 2693 394 2757 factum
409 2693 596 2757 existimans
611 2694 645 2757 in
654 2691 788 2757 Aeduos
804 2693 904 2756 movit
921 2700 1033 2756 castra.

126 2817 163 2860 ne
177 2804 249 2861 tum
265 2795 395 2879 quidem
409 2796 561 2859 insecutis
577 2795 722 2860 hostibus
738 2795 832 2858 tertio
850 2794 901 2857 die
915 2795 1033 2858 flumen
1054 2821 1068 2858 ι

128 2899 242 2965 Elaver
265 2899 443 2963 exercitum
465 2899 617 2963 traduxit.

185 3003 275 3068 LIV.
312 3002 364 3066 Ibi
398 3025 418 3067 a
446 3002 650 3068 Viridomaro
682 3010 778 3087 atque
809 3002 1065 3086 Eporedorige1

127 3104 217 3171 discit
247 3126 331 3188 ,cum
357 3107 443 3170 omni
467 3108 609 3189 equitatu
631 3107 829 3172 Litaviccum
852 3106 893 3171 ad
915 3107 1032 3170 sollici·

127 3209 238 3274 taudos
260 3206 395 3273 Aeduos
417 3209 611 3293 profectum3
637 3231 716 3294 opus
740 3230 810 3273 esse
834 3211 921 3293 ipsos
944 3218 1032 3274 ante·

129 3311 240 3376 cedere
255 3311 297 3376 ad
313 3312 559 3377 confirmandam
576 3310 758 3377 civitatem}
782 3314 842 3376 etsi
852 3314 959 3394 multis
969 3315 1032 3377 iam
1053 3345 1066 3384 2

130 3415 218 3479 rebus
246 3415 414 3499 perfidiam
436 3423 636 3499 perspectam
659 3415 813 3497 habebat,
843 3423 951 3478 tamen
974 3437 1030 3480 eos
