2332 3892
534 247 569 294 11.
598 247 710 297 23-24.
790 287 792 293 .
1036 247 1077 308 53

165 416 309 500 peditam
332 415 570 482 iuterfecerunt.
608 417 675 500 ,ipsi
698 416 832 480 transire
861 438 927 481 non
951 416 1076 480 dubita·
1100 444 1112 482 2

164 527 281 584 verunt
315 526 348 585 et
381 522 413 584 in
452 521 560 584 locum
592 521 735 604 iniquum
775 521 937 605 progressi
969 542 1077 583 rursus

133 710 136 715 ¹
165 625 351 688 resistentes
374 624 485 688 hostes
515 624 734 706 redintegrato
765 624 888 708 proelio
913 625 946 687 in
968 624 1077 707 fugam

125 718 137 761 i
168 727 336 825 dedferunt.
380 729 458 792 item
488 728 550 791 alia
578 729 611 790 iu
633 733 723 812 parte
753 727 899 792 diversae
924 727 1007 792 duae
1030 728 1113 791 le·a

167 834 290 916 giones,
314 831 484 895 undecima
507 836 539 895 et
563 836 686 913 octava,
709 831 886 916 profligatis
904 830 1077 894 Viroman-

169 937 254 1018 duis,
288 937 476 1021 quibuscum
509 941 601 1000 eraut
630 923 872 1019 congressi,[in
902 913 1078 1025 ipsisstipis

167 1040 417 1125 proeliabantur.
464 1044 496 1103 at
515 1031 643 1133 icastris
678 1037 746 1122 fere
784 1059 804 1101 a
833 1036 939 1102 fronte
972 1043 1005 1102 et
1037 1039 1113 1102 abr

169 1143 295 1206 sinistra
316 1149 408 1227 parto
431 1141 567 1223 nudatis,
592 1162 665 1204 oum
687 1141 720 1205 in
743 1141 858 1205 dextro
876 1162 976 1205 cornu
990 1141 1077 1223 legio

170 1246 362 1310 duodecime
386 1251 418 1310 et
439 1266 505 1309 non
528 1227 651 1337 magno(
662 1244 831 1308 intervallo
849 1245 985 1328 septima
1001 1266 1078 1309 oon-

170 1351 311 1432 stitisset,
336 1370 447 1414 omnes
462 1348 574 1413 Nervii
597 1347 830 1412 confertissimo
848 1349 976 1430 agmine
997 1347 1078 1412 duco

169 1453 401 1536 Boduognato,
435 1452 488 1536 qui
517 1473 673 1515 summam
702 1451 829 1536 imperii
860 1452 1007 1533 tenebat,
1037 1451 1078 1515 ad

171 1577 244 1621 eum
275 1558 383 1619 lorum
412 1555 664 1635 contenderunt3
695 1576 831 1638 quorum
861 1576 935 1638 pars
965 1561 1114 1639 apertos

169 1660 269 1724 latere
287 1659 433 1752 legiones
445 1658 683 1741 circumvenire,
700 1679 773 1742 pars
783 1679 941 1722 summum
958 1665 1077 1722 castro-

170 1785 240 1826 rum
246 1766 412 1852 petere,-

233 1863 359 1928 XXIV.
393 1863 520 1927 Eodem
543 1870 689 1948 tempore
714 1865 836 1963 equites
859 1865 960 1928 nostri
982 1864 1113 1932 levis-1

171 1990 231 2053 que
249 1974 428 2033 armaturae
439 1944 672 2082 pediteslquos
682 1969 786 2052 primo
801 1969 942 2032 hostium
956 1969 1080 2052 impetu

171 2073 281 2156 pulsos
306 2071 459 2152 dixeram,
483 2092 555 2134 oum
579 2093 613 2136 se
637 2073 669 2134 in
688 2079 791 2135 eastra
806 2073 998 2156 reciperent,
1022 2071 1079 2135 ad·

171 2177 271 2241 versis
300 2175 446 2238 hostibus
476 2176 685 2238 occurrebant
715 2195 752 2238 ao
782 2195 890 2238 rursus
920 2174 1015 2238 aliam
1046 2174 1080 2237 in

173 2287 297 2365 partein
314 2279 422 2362 fugam
438 2279 591 2363 petebant
614 2278 803 2356 motiones,
828 2247 947 2373 qu‘rJobJ
953 2299 1078 2341 summo
1102 2311 1115 2352 2

173 2385 247 2467 iugo
272 2383 362 2447 collis
384 2387 512 2445 nostros
534 2383 673 2446 victores
702 2383 822 2446 flumen
844 2381 980 2445 transire
1003 2401 1079 2445 oon·

173 2460 464 2578 spexerant,[oum
486 2486 705 2569 respexissent
728 2492 761 2550 et
782 2487 892 2550 hostes
915 2485 948 2548 in
971 2485 1081 2549 eastris

173 2593 293 2656 versari
316 2590 485 2672 vidissent,
515 2591 706 2674 praecipites
734 2590 829 2674 fugae
854 2610 925 2653 seso
949 2589 1081 2653 manda-

172 2697 259 2760 bant.
297 2694 390 2757 simul
414 2715 537 2777 eorum,
561 2694 615 2777 qui
631 2714 703 2757 oum
718 2693 956 2778 impedimentis
971 2693 1080 2756 venie·
1102 2722 1115 2761 ³

174 2801 264 2879 bant,
288 2799 407 2862 clamor
429 2798 636 2881 fremitusque
663 2796 824 2861 oriebatur
847 2796 963 2879 aliique
987 2794 1081 2857 aliam

175 2905 207 2968 in
229 2909 354 2988 partem
375 2902 537 2987 perterriti
564 2901 760 2965 ferebantur.
797 2898 912 2983 quibus
936 2897 1117 2966 omnibusr

175 3009 271 3073 rebus
302 3006 440 3091 permoti
472 3007 597 3090 equites
628 3004 783 3085 Treveri,
824 3023 960 3086 quorum
1000 3000 1083 3063 inter

177 3104 427 3209 Gallospopinio
467 3114 516 3172 est
549 3089 845 3198 singularis,[oum
879 3101 1083 3167 multitudino

174 3214 313 3277 hostium
333 3217 435 3275 castra
450 3196 625 3314 eomplerigr
637 3209 782 3292 legiones
797 3207 900 3291 premi
925 3211 956 3270 et
979 3227 1082 3289 paene

176 3320 406 3382 circumventas
430 3315 543 3395 teneri,
567 3313 712 3390 calones,
737 3311 870 3395 equites,
894 3307 1082 3388 funditores,

175 3419 332 3485 Numidas
350 3406 537 3501 diversosiin
551 3436 661 3479 omnes
673 3421 780 3500 partes
792 3413 904 3496 fugere
917 3411 1081 3492 vidissent,

493 3510 526 3569 μ
