2332 3892
381 228 464 294 uu.
493 229 606 281 aa-ao.
905 233 964 296 173

56 400 269 483 omnibusque
299 399 393 464 rebus
418 408 576 484 ornasset,
606 401 648 465 ad
670 403 735 466 vim
759 409 854 487 atque
877 425 963 467 arma

55 503 270 568 descenderet
293 509 387 588 atque
404 524 443 568 ea
457 526 539 588 pars,
563 526 644 589 quae
660 507 763 568 minus
780 506 964 589 confideret,

55 607 177 672 auxilia
194 628 213 670 a
228 605 495 691 Vercingetorige
511 614 697 690 arcesseret,
719 610 794 674 huic
808 611 856 674 rei
870 631 963 694 prae·
986 641 998 680 2

54 709 247 775 vertendum
278 715 325 792 et,
355 709 442 796 quod
467 711 591 795 legibus
612 711 803 776 Aeduorum
825 713 880 796 iis,
910 715 963 797 qui

54 834 216 878 summum
247 813 467 896 magistratum
499 814 697 898 obtinerent,
730 815 888 881 excedere
921 838 963 881 ex

53 918 170 982 finibus
192 937 258 980 non
280 916 401 1000 liceret,
425 919 493 1002 ipse
516 916 550 981 in
564 916 698 982 Aeduos
720 920 878 1004 proficisci
900 927 962 983 sta-

55 1022 115 1085 tuit
153 1025 364 1105 senatumque
394 1041 522 1084 omnem
553 1027 586 1084 et
615 1041 695 1104 quos
722 1023 806 1087 inter
834 1029 961 1088 contro·

55 1125 160 1192 versia
190 1129 275 1190 essct
302 1124 343 1188 ad
366 1145 399 1189 se
422 1125 591 1190 Decetiam
615 1127 769 1191 evocavit.
809 1147 881 1192 cum
905 1128 998 1193 do-a

56 1234 184 1294 ceretur
212 1227 322 1313 paucis
353 1228 436 1291 clam
467 1228 651 1292 convocatis
683 1229 746 1293 alio
778 1231 867 1312 loco,
884 1231 962 1296 salio

54 1341 201 1418 tempore
230 1336 325 1416 atque
356 1324 549 1416 oportuerit,
581 1331 712 1399 fratrem
740 1355 759 1398 a
787 1334 884 1400 fratre
911 1357 962 1401 re-

54 1437 254 1518 nuntiatum,
298 1455 370 1498 cum
411 1435 501 1518 leges
546 1434 610 1499 duo
655 1457 698 1500 ex
739 1458 804 1502 una
843 1439 964 1506 familia

54 1543 129 1605 vivo
159 1543 296 1623 utroque
326 1539 423 1603 etiam
451 1538 484 1602 in
513 1543 627 1603 senatu
650 1561 720 1605 esse
743 1542 962 1626 prohiberent,
1081 1584 1087 1595 ·

56 1643 174 1709 Cotum
196 1641 367 1726 imperium
392 1641 564 1726 deponere,
589 1641 888 1728 Convictolitavem,
909 1648 963 1731 qui

54 1770 112 1834 per
152 1746 338 1812 sacerdotes
376 1765 466 1809 moro
508 1749 596 1810 essct
632 1751 774 1830 creatus,
817 1748 962 1814 obtinere

57 1853 157 1918 iussit.
478 1903 486 1920 .
549 1925 550 1928 Ἴ

116 1954 277 2022 XXXIV.
308 1953 383 2018 Hoc
409 1953 540 2019 decreto
562 1953 752 2039 interposito
776 1954 961 2022 cohortatus
983 1985 995 2024 1

55 2060 199 2142 Aeduos,
221 2065 257 2122 ut
280 2058 569 2122 controversiarum
593 2057 857 2121 obliviscerentur
871 2061 959 2143 equi-

54 2172 219 2249 tatumque
243 2181 373 2226 omnem
389 2165 422 2225 et
435 2160 581 2246 peditum
597 2160 686 2224 milia
699 2183 721 2223 x
737 2160 797 2224 sibi
813 2162 960 2227 celeriter

55 2271 228 2349 mitterent,
251 2285 332 2352 quae
353 2265 387 2329 in
408 2264 576 2349 praesidiis
591 2264 639 2328 rei
653 2264 878 2330 frumentariae
895 2265 958 2330 dis·

54 2377 200 2460 poneret,
218 2370 395 2437 exercitum
409 2369 443 2432 in
459 2366 537 2432 duas
548 2373 657 2453 partes
670 2367 793 2431 divisit:
810 2374 960 2451 quattuor
982 2398 994 2437 2

54 2478 199 2563 legiones
213 2476 247 2539 in
260 2475 404 2546 Senones
419 2472 622 2555 Parisiosque
639 2469 781 2536 Labieno
798 2470 960 2537 ducendas

56 2582 159 2663 dedit,
190 2601 249 2644 sex
277 2579 345 2661 ipse
372 2577 407 2641 in
432 2575 598 2640 Arvernos
628 2574 670 2639 ad
699 2575 854 2659 oppidum
878 2576 959 2642 Ger-

54 2687 182 2770 goviam
205 2681 381 2748 secundum
403 2680 522 2744 flumen
536 2679 653 2744 Elaver
669 2678 777 2761 duxit;
801 2682 960 2766 equitatus

53 2796 178 2874 partem
199 2786 246 2850 illi
268 2785 429 2865 adtribuit,
452 2790 577 2869 partem
599 2784 659 2848 sibi
681 2785 821 2868 reliquit.
844 2806 959 2870 quare
981 2815 993 2853 a

54 2893 184 2977 cognita
191 2888 440 2972 Vercingetorix
453 2888 599 2952 omnibus
614 2887 799 2972 interruptis
808 2890 959 2973 pontibus

53 2995 91 3060 ab
114 2995 217 3059 altera
238 2996 329 3076 parte
351 2991 413 3055 iter
435 2990 551 3054 facere.

114 3094 258 3162 XXXV.
291 3093 374 3158 (ium
403 3100 537 3178 uterque
567 3094 694 3176 utrique
719 3100 804 3159 esset
825 3096 864 3180 in
882 3116 991 3162 con-1

53 3206 165 3286 spectu
178 3199 309 3284 fereque
326 3219 344 3263 e
359 3199 494 3281 regione
510 3202 613 3261 castra
628 3204 772 3280 poneret,
798 3198 958 3283 dispositis

55 3302 320 3389 exploratoribus,
331 3302 447 3366 necubi
460 3301 575 3366 effecto
588 3307 687 3384 ponte
699 3300 838 3365 Romani
850 3304 958 3387 copias

55 3407 267 3488 traducerent,
290 3411 359 3471 erat
380 3406 414 3469 in
435 3406 559 3488 magnis
576 3404 694 3468 Caesar
711 3404 956 3490 difficultatibus,
978 3433 989 3469 2
