2332 3892
128 300 130 308 .
196 246 256 308 120
556 248 591 298 v.
618 250 732 300 ιιι-43.

131 452 133 469 =
191 426 340 484 recusent
363 427 458 504 atque
480 420 563 484 hanc
585 421 818 485 inveterascere
836 421 1104 486 consuetudinem

158 538 170 576 6
192 523 310 603 nolint;
334 524 431 587 licere
449 523 513 586 illis
528 525 742 588 incolumibus
759 524 925 588 discedere
942 533 984 605 et,
1009 546 1104 609 quas·

163 656 167 691 :
194 645 328 708 eumque
358 627 391 689 in
422 632 529 709 partes
560 626 678 707 velint,
711 626 779 690 sine
810 633 899 691 metu
921 625 1103 711 proficisci!

158 743 169 782 τ
194 725 307 790 Oicero
330 726 371 790 ad
393 728 474 791 haec
495 749 594 792 unum
617 728 714 792 modo
729 729 913 812 respondit:
937 751 1013 811 ‚non
1030 752 1103 796 esse

193 829 458 893 consuetudinem
479 830 591 912 populi
612 829 752 894 Romani
774 832 921 914 accipere
944 832 985 896 ab
1007 833 1103 897 hoste

157 938 314 996 sarmata
338 931 575 996 condicionem:
604 933 631 996 si
660 932 700 997 ab
731 933 827 997 armis
850 932 1017 997 discedere
1047 954 1104 998 ve·

158 1071 159 1074 =
190 1034 260 1115 lint,
284 1054 318 1099 se
342 1034 487 1099 adiutore
509 1040 639 1101 utantur
661 1034 850 1118 legatosque
871 1034 913 1098 ad
930 1035 1104 1100 Gaesarem

191 1137 335 1219 mittant3
360 1157 488 1220 sperare
510 1158 569 1221 pro
593 1137 662 1202 eius
684 1138 815 1219 iustitia,
839 1158 921 1221 quae
939 1139 1103 1221 petierint,

192 1225 442 1324 impetraturos‘

159 1371 196 1410 1·
257 1343 362 1408 XLII.
400 1342 453 1406 Ab
476 1344 536 1407 hac
559 1363 616 1426 spe
644 1343 765 1425 repulsi
786 1342 819 1406 N
821 1342 900 1407 ervii
928 1342 1014 1406 vallo
1045 1362 1104 1427 pe·

158 1471 171 1510 r
194 1446 270 1509 dum
292 1470 314 1510 x
336 1452 368 1509 et
390 1446 476 1510 fossa
493 1447 618 1529 ‚pedum
639 1469 680 1510 xv
701 1447 837 1511 hiberna
853 1447 994 1530 cingunt.
1021 1447 1104 1528 haec

192 1550 394 1632 superiorum
421 1570 577 1614 annorum
607 1549 838 1614 consuetudine
870 1547 1104 1632 (cognoverant

158 1679 180 1718 a<
194 1653 350 1735 quosdam
373 1653 415 1716 de
438 1650 595 1732 exercitu)
618 1653 832 1734 docebantur3
855 1651 913 1717 sed
934 1652 1023 1716 nulla
1040 1651 1104 1717 fer-

133 1777 135 1782 ·
191 1761 409 1819 ramentorum
432 1756 525 1838 eopia
546 1755 588 1818 ad
610 1756 695 1820 hunc
716 1776 809 1819 usum
837 1754 955 1819 idonea
985 1754 1104 1840 gladiis

193 1859 351 1942 caespites
375 1859 618 1940 circumcidere,
647 1859 811 1940 manibus,
841 1858 961 1942 sagulis
982 1863 1104 1922 terram

158 1950 374 2026 sexhaurire.
419 1981 482 2045 qua
510 1961 640 2045 quidem
669 1982 711 2026 ex
740 1981 776 2026 re
798 1961 965 2025 hominum
995 1961 1104 2024 multi-

192 2064 271 2128 tudo
295 2065 464 2148 cognosci:
487 2086 563 2129 nam
585 2066 689 2128 minus
711 2064 800 2128 horis
818 2064 919 2128 tribus
934 2064 1023 2127 milia
1045 2084 1103 2149 pe·

158 2169 270 2232 udum
291 2192 332 2232 xv
353 2168 524 2252 perficere,
552 2169 683 2252 reliquis
705 2167 818 2231 diebus
840 2172 944 2231 turres
967 2166 1008 2230 ad
1030 2168 1103 2232 alti·

192 2272 337 2336 tudinem
359 2272 445 2352 valli,
467 2270 565 2334 falces
587 2270 829 2354 testudinesque
852 2289 975 2353 parare.

158 2396 170 2449 r
257 2373 380 2436 XLIII.
418 2373 562 2457 Septimo
596 2373 648 2436 die
678 2373 820 2436 maximo
853 2377 963 2437 coorto
1002 2378 1102 2435 rento

193 2475 353 2540 ferventes
389 2476 475 2539 fusili
517 2497 558 2539 ex
597 2476 711 2560 argilla
730 2500 732 2504 ³
748 2473 882 2559 glandes
922 2480 955 2538 et
997 2473 1105 2537 iacula

193 2579 228 2642 in
261 2598 368 2660 casas,
401 2598 483 2661 quae
517 2597 606 2640 more
639 2575 764 2640 Gallico
798 2573 979 2639 stramentis
1010 2581 1104 2639 erant

159 2686 315 2762 stactae,
344 2680 459 2745 iacere.
500 2681 561 2744 hae
585 2679 732 2743 celeriter
755 2679 864 2762 ignem
887 2676 1101 2761 eomprehen-

196 2783 311 2846 dorunt
340 2786 373 2845 et
401 2783 489 2848 venti
518 2781 738 2865 magnitudine
770 2782 804 2845 in
826 2802 963 2846 omnem
992 2781 1103 2865 locum

159 2907 172 2946 a
195 2885 396 2949 distulerunt.
439 2886 548 2949 hostes
570 2885 872 2966 maximoelamore‚
895 2884 989 2948 sicuti
1009 2891 1103 2967 parta

193 2989 256 3053 iam
280 2993 375 3071 atque
404 2988 573 3071 explorata
594 2987 746 3069 victoria,
775 2993 880 3052 turres
906 2986 1101 3053 testudines-

159 3111 256 3174 rque
281 3110 378 3171 agere
402 3096 436 3154 ot
463 3091 555 3155 scalis
583 3091 703 3154 vallum
725 3091 910 3157 ascendero.
951 3097 984 3154 at
1011 3097 1102 3155 tanta

194 3194 331 3257 militum
354 3193 454 3256 virtus
477 3200 571 3276 atque
592 3214 631 3259 ea
645 3194 828 3277 praesentia
845 3192 943 3257 animi
963 3193 1032 3273 fuit,
1056 3201 1100 3274 ut,

196 3317 268 3359 curn
307 3293 449 3378 undique
489 3296 625 3359 flamma
656 3300 856 3359 torrerentur
896 3296 1101 3381 maximaque

195 3398 333 3461 telorum
372 3399 577 3464 multitudine
614 3404 854 3482 premerentur,
897 3418 963 3461 non
1001 3399 1100 3462 modo
