2332 3892
156 244 196 306 30
515 243 564 293 1v.
595 243 704 292 u--ra

155 413 357 496 rapiditatem
376 414 642 497 altitudinemque
658 415 806 496 fluminis,
829 420 937 479 tamen
953 414 986 477 id
1002 414 1059 477 sibi

46 550 52 559 ·
154 518 415 581 contendendum
438 524 493 580 aut
516 517 608 580 aliter
629 538 694 581 non
716 517 950 581 traducendum
967 538 1058 580 exer·

121 620 263 683 scitum.
308 621 465 683 rationem
506 620 613 704 pontis
655 620 736 682 hane
781 619 926 682 instituit.
972 619 1060 700 tigna

154 723 228 786 bina
264 722 498 806 sesquipedalia
534 722 666 806 paulum
703 722 742 785 ab
779 723 843 784 imo
889 727 1060 806 praeacuta

155 825 300 888 dimensa
322 824 363 888 ud
387 825 589 888 altitudinem
604 826 741 888 fluminis
756 825 923 890 intervallo
940 825 1060 909 pedum

121 927 292 991 eduorum
314 929 397 991 inter
420 950 454 992 se
477 929 640 1012 iungebat.
686 929 764 992 haec
794 950 866 992 cum
898 930 1059 992 machina·

155 1031 293 1094 tionibus
329 1032 458 1095 inmissa
487 1031 643 1096 defixerat
678 1031 859 1113 fistucisque
897 1030 1059 1115 adegerat,

155 1155 220 1197 nou
242 1135 382 1199 sublicae
407 1134 504 1197 modo
529 1133 570 1196 ad
592 1133 868 1218 perpendiculum,
892 1133 950 1196 sed
973 1133 1059 1196 fasti-

154 1243 239 1321 gata,
254 1244 290 1300 nt
305 1237 479 1302 secundum
495 1243 641 1301 naturam
650 1238 787 1300 fluminis
797 1237 1060 1320 procumberent3

121 1340 232 1404 sitem
264 1341 423 1404 contraria
453 1341 515 1404 duo
546 1341 586 1404 ad
617 1341 754 1405 eundem
792 1330 938 1404 modum'
956 1341 1062 1404 iuncta

154 1444 321 1508 intervallo
345 1443 464 1528 pedum
488 1444 728 1527 quadragenum
748 1445 787 1508 ab
804 1441 955 1508 inferiore
972 1448 1061 1527 parte

122 1568 135 1607 a
156 1553 266 1611 contra
287 1547 442 1631 impetum
457 1547 593 1610 fluminis
613 1568 766 1611 conversa
781 1545 949 1611 statuebat.
983 1546 1063 1610 haec

155 1656 289 1734 utraque
321 1649 524 1733 bipedalibus
561 1650 703 1713 trabibus
742 1648 909 1733 (quantum
951 1669 1063 1712 corum
1099 1669 1101 1673 ·

156 1754 318 1836 tignorum
349 1754 495 1817 iunctura
527 1753 677 1834 distabat)
718 1754 756 1817 ab
789 1757 935 1816 extrema
972 1757 1063 1836 parte

123 1876 134 1914 r
158 1855 404 1936 distinebantur;
428 1856 541 1940 quibus
566 1855 709 1918 disclusis
733 1860 828 1939 atque
851 1855 932 1918 binis
950 1856 1063 1918 utrim-

157 1977 217 2041 que
240 1957 344 2021 fibulis
366 1958 400 2021 in
423 1958 613 2022 contrariam
644 1964 768 2041 partem
790 1958 941 2021 revinctis
975 1964 1065 2022 tanta

158 2066 226 2125 erat
255 2060 361 2142 operis
389 2060 550 2139 firmitudo
581 2066 676 2143 atque
700 2080 739 2123 ea
760 2066 888 2138 natura,
917 2066 970 2142 ut,
999 2082 1061 2145 quo

128 2233 132 2237 ,
158 2165 260 2228 maior
282 2165 329 2227 vis
352 2164 562 2246 incitavisset,
586 2164 647 2227 hoc
671 2164 767 2226 artius
791 2164 890 2246 ligata
912 2169 1062 2228 teneren-

124 2275 217 2338 atur.
262 2268 342 2331 haee
365 2267 487 2330 directa
508 2266 641 2331 materie
665 2265 781 2329 iniecta
800 2266 1064 2349 contexebantur,

124 2401 136 2439 a
158 2371 313 2457 longuriis
336 2370 537 2453 cratibusque
569 2367 869 2448 constemebantur;
899 2389 936 2431 aa
964 2370 1064 2433 nihilo

158 2475 256 2538 setius
279 2473 418 2537 sublicae
443 2478 475 2536 et
498 2473 539 2535 ad
567 2471 751 2534 inferiorern
781 2477 904 2555 partem
937 2473 1064 2559 oblique

159 2578 343 2661 agebantur,
367 2595 448 2659 quae
469 2596 527 2659 pro
545 2575 644 2638 ariete
662 2575 823 2639 subiectae
840 2581 873 2637 et
889 2596 962 2638 cum
978 2577 1066 2639 omni

125 2701 257 2765 mopere
281 2679 469 2742 coniunctae
485 2679 550 2741 rim
565 2678 701 2741 fluminis
717 2678 913 2762 exciperent,
937 2684 971 2742 et
985 2680 1065 2744 aliae

159 2786 237 2848 item
259 2803 356 2866 supra
377 2787 509 2865 pontem
533 2780 689 2845 mediocri
711 2780 824 2865 spatio,
848 2785 899 2861 ut,
922 2781 949 2843 si
972 2782 1066 2845 arbo·

159 2907 228 2950 rum
251 2885 354 2949 trunci
377 2885 443 2948 sive
467 2905 564 2948 naves
588 2889 695 2947 essent
724 2904 743 2946 a
765 2882 906 2946 barbaris
938 2884 1065 2966 missae,

159 2990 208 3052 his
238 2987 458 3051 defensoribus
490 2987 537 3050 vis
568 2987 765 3050 minueretur
794 3007 857 3051 neu
886 2987 976 3069 ponti
1008 3009 1066 3051 no-

161 3096 280 3157 carent.

128 3229 139 3266 1
224 3192 350 3256 XVIII.
380 3192 503 3256 Diebus
525 3192 647 3274 decem,
671 3192 784 3276 quibus
803 3192 936 3256 materia
951 3200 1067 3278 coepta

163 3302 231 3362 erat
246 3296 448 3380 comportari,
473 3296 560 3358 omni
576 3295 690 3359 effecto
705 3295 865 3358 exercitus
881 3294 1065 3360 traducitur.

128 3433 140 3470 ῃ
164 3398 281 3462 Caesar
296 3398 337 3461 ad
352 3405 518 3488 utramque
534 3405 659 3482 partem
674 3398 764 3461 firmo
780 3396 941 3482 praesidio
951 3399 1064 3463 relicto
