2332 3892
423 241 472 290 rv.
500 240 612 301 ar-aa.
932 219 973 302 917

61 419 174 476 noster
196 412 229 475 in
253 417 459 494 conspectum
482 415 580 493 venit,
603 414 713 477 hostes
730 412 861 476 abiectis
878 413 974 474 armis

60 522 157 598 terga
185 520 349 577 verterunt
380 535 577 599 magnusque
607 536 719 579 eorum
741 536 892 579 numerus
926 521 975 578 est

62 618 200 682 occisus.

128 720 322 803 XXXVIII,
365 720 482 785 Caesar
505 729 635 805 postero
660 721 712 785 die
736 721 771 784 T.
795 720 975 784 Labienum
996 739 1008 778 1

62 825 211 908 legatum
243 845 315 887 oum
343 824 553 907 legionibus„
572 845 649 907 quas
674 844 715 887 ex
737 824 903 886 Britannia
925 844 975 886 re·

61 928 218 1009 duxerat,
248 928 282 991 in
309 928 468 1008 Morinos,
499 929 552 1011 qui
581 924 791 991 ¹rebellionem
823 927 974 1006 fecerant,

49 1032 164 1096 misit.
209 1052 281 1094 oum
308 1037 440 1114 propter
470 1031 628 1094 siccitates
651 1029 827 1113 paludum5
854 1051 915 1112 quo
940 1047 1009 1093 sea

62 1135 263 1218 reciperent,
285 1155 350 1198 non
373 1133 547 1214 haberent,
569 1134 603 1197 in
625 1139 819 1216 potestatem
840 1132 975 1198 Labieni

63 1243 233 1301 venerunt.
278 1243 311 1299 at
335 1236 372 1309 Q.
396 1236 536 1299 Titurius
561 1243 593 1299 et
614 1235 650 1298 L.
673 1235 768 1299 Cotta
789 1236 898 1319 legati,
922 1238 975 1319 qni
995 1253 1007 1290 3

65 1341 101 1402 in
122 1340 345 1423 Menapiorum
365 1340 446 1403 fines
468 1322 614 1424 legiones
638 1332 804 1420 duxerant,
829 1340 975 1404 omnibus
1046 1388 1047 1391 ,

64 1443 155 1526 agris
176 1443 316 1523 vastatis,
339 1443 506 1506 frumentis
529 1443 668 1521 succisis,
693 1441 845 1505 aedificiis
868 1443 976 1506 insen·

65 1547 121 1625 sis,
146 1544 231 1627 quod
252 1545 394 1628 Menapii
417 1567 451 1608 se
476 1567 586 1610 omnes
609 1542 645 1610 in'
657 1546 863 1609 densissimas
879 1547 975 1610 silvas

64 1647 267 1728 abdiderant,
290 1667 324 1710 se
347 1655 545 1730 receperunt.
579 1648 696 1712 Caesar
718 1651 751 1712 in
773 1650 884 1732 Belgis
908 1671 975 1713 orn·

64 1752 158 1814 nium
179 1751 343 1834 legionum
364 1750 498 1813 hiberna
521 1751 695 1836 constitnit.
738 1771 777 1814 eo
801 1751 883 1813 duae
908 1767 1010 1814 om·4

64 1854 144 1918 nino
183 1853 328 1916 civitates
365 1873 406 1916 ex
442 1853 608 1916 Britannia
646 1853 773 1917 obsides
810 1855 974 1936 miserunt,

63 1956 209 2038 reliquae
232 1956 453 2038 neglexerunt.
483 1954 533 2018 his
555 1956 650 2019 rebus
672 1957 772 2039 gestis
796 1976 838 2019 ex
859 1956 974 2019 litteris

66 2059 215 2122 Caesaris
239 2059 363 2137 dierum
385 2059 499 2142 viginti
521 2059 711 2141 supplicatio
735 2080 754 2121 a
777 2065 890 2122 senatu
919 2058 975 2122 de·

65 2168 156 2227 oreta
178 2168 236 2225 est.

122 3501 226 3543 csesrrts
238 3469 327 3540 trellum
340 3499 462 3540 Gallicum.
