2332 3892
440 221 475 272 V.
503 223 615 273 31-33.
924 220 986 282 115

73 413 109 456 se
142 394 280 458 salutem
310 390 514 477 perspicere.‘
560 392 734 477 disputatio
767 391 808 457 ad
845 391 1021 455 mediams

72 503 204 560 noctem
235 496 432 581 perducitur.
482 495 614 560 tandem
645 495 700 560 dat
732 495 827 560 Cotta
857 517 987 559 manus:

35 585 40 595 ’
73 604 206 681 superat
228 599 388 663 sententia
406 598 526 663 Sebini.
556 600 780 683 pronuntiatur
797 599 901 683 prima
914 600 986 663 luce
1008 618 1021 657 r

71 701 188 766 ituros.
234 702 430 767 consumitrn
457 702 576 786 vigiliis
606 703 730 786 reliqua
764 724 838 787 pars
872 703 986 782 noctis,

72 825 148 868 cum
164 824 222 869 sua
236 805 370 888 quisque
385 805 478 869 miles
495 806 763 890 circumspiceret,
786 806 864 890 quid
879 826 988 869 secum

74 913 236 991 portaret,
266 906 343 991 quid
364 907 555 992 relinquere,
569 916 747 993 cogeretur.
791 910 896 992 prima
916 909 988 973 luce
1009 931 1022 969 s

77 1011 125 1075 sic
147 1010 401 1095 proficiscuntur,
424 1018 460 1076 ut
483 1013 598 1097 quibus
621 1017 706 1075 esset
720 1032 910 1095 persuasum
924 1033 990 1076 non

76 1115 118 1178 ab
149 1115 243 1178 hoste
274 1113 333 1176 sed
361 1115 401 1178 ab
428 1116 559 1179 homine
589 1115 782 1179 amicissimo
822 1115 990 1178 consilium
1100 1131 1101 1135 ’

74 1216 208 1298 datum,
247 1217 435 1301 longissimo
465 1218 593 1302 agmine
623 1217 836 1302 maximisque
863 1217 989 1301 inpedi-

78 1320 206 1384 mentis.
748 1334 768 1372 ⁴

140 1420 285 1487 XXXII.
313 1419 361 1486 At
382 1422 503 1504 hostes,
526 1428 641 1506 postea
664 1443 759 1508 quam
775 1444 816 1487 ex
830 1429 987 1487 nocturno
1009 1444 1022 1485 1

72 1525 206 1590 fremitu
213 1524 397 1609 vigiliisque
414 1524 455 1588 de
470 1524 673 1608 profectione
686 1532 864 1608 senserunt,
881 1527 988 1591 conlo·

75 1629 157 1694 catis
178 1628 304 1694 insidiis
325 1628 478 1712 bipertito
503 1629 672 1701 anilibus
695 1650 848 1712 passuum
864 1629 989 1693 circiter

74 1733 203 1798 duobus
217 1733 439 1798 Romanorum
454 1732 626 1798 adventum
644 1733 884 1818 exspectabant.
916 1753 988 1796 cum
1010 1752 1023 1792 r

77 1857 114 1901 se
137 1857 256 1921 agmen
281 1837 316 1900 in
339 1856 489 1920 magnam
514 1836 693 1900 convallem
723 1836 916 1917 demisisset,
948 1857 990 1899 ex

73 1947 212 2025 utraque
235 1946 326 2023 parte
350 1935 455 2004 subito
478 1939 672 2003 novissimos
694 1959 841 2023 premere
872 1944 904 2003 et
925 1940 990 2022 pri·

76 2066 150 2109 mos
177 2043 349 2127 prohibere
373 2049 468 2128 atque
498 2042 697 2127 iniquissimo
727 2042 800 2106 loco
829 2042 989 2126 proelium

79 2148 294 2212 committere.

140 2247 303 2314 XXXIII.
328 2250 411 2313 Tum
428 2249 557 2313 demum
571 2248 723 2329 Titurius,
739 2249 793 2333 qui
808 2249 889 2313 nihil
904 2257 987 2332 ante,
1011 2275 1023 2314 1

73 2352 239 2438 trepidare
250 2358 282 2416 et
293 2372 482 2417 concursare
494 2353 706 2436 cohortesque
717 2350 899 2436 disponere,
908 2353 990 2417 haec

74 2464 187 2521 tamen
209 2456 280 2540 ipsa
301 2456 425 2537 timide,
448 2461 483 2518 ut
506 2476 602 2540 quem
626 2456 732 2519 omnia
748 2454 885 2519 deficere
901 2455 990 2520 vide·

74 2567 203 2639 rentur3
213 2609 217 2617 .
227 2559 313 2643 quod
328 2560 517 2643 plerumque
533 2558 679 2622 accidere
696 2559 872 2639 consuevit,
887 2559 942 2643 qui
956 2559 989 2622 in

76 2665 148 2748 ipso
164 2663 298 2746 negotio
318 2661 487 2726 consilium
510 2681 624 2744 capere
649 2668 815 2744 coguntur.
845 2666 878 2724 at
895 2660 990 2725 Cotta
1010 2684 1023 2724 r

75 2767 165 2832 nulla
187 2766 222 2830 in
242 2785 278 2828 re
302 2762 463 2828 communi
491 2762 585 2828 saluti
614 2762 726 2826 deerat
756 2769 788 2826 et
817 2763 850 2826 in
879 2765 989 2846 appel-

76 2868 183 2933 landis
212 2867 368 2932 militibus
395 2868 598 2951 imperatoris
631 2868 719 2932 etin
741 2888 850 2952 pugna
879 2869 990 2932 militis
1020 2856 1021 2860 ¹

80 2971 185 3036 officia
206 2971 400 3054 praestabat.
442 2976 575 3056 propter
596 2971 831 3055 longitudinem
854 2973 989 3054 agminis
1011 2993 1023 3030 o

78 3097 144 3140 non
163 3074 259 3138 facile
283 3067 390 3138 omnia
413 3074 511 3157 obire,
535 3074 612 3158 quid
635 3095 762 3159 quoque
784 3075 856 3139 loco
872 3075 989 3138 facien·

82 3180 157 3244 dum
188 3184 291 3242 esset:
320 3180 544 3262 pronuntiare,
583 3185 619 3242 ut
648 3179 868 3262 inpedimenta
893 3179 989 3242 relin-

81 3287 217 3366 querent
239 3287 334 3365 atque
356 3282 391 3347 in
413 3282 523 3347 orbem
548 3282 767 3346 consisterent.
813 3281 899 3365 quod
929 3283 988 3345 etsi
1009 3299 1023 3338 4

82 3386 115 3450 in
137 3384 297 3449 eiusmodi
314 3405 388 3450 casu
403 3384 704 3469 reprehendendum
719 3389 858 3464 nonest,
880 3391 988 3448 tamen
