2332 3892
161 233 223 293 222
503 232 579 282 VIII.
608 233 720 283 26-28.

154 424 272 487 magno
297 425 428 468 suorum
453 403 646 469 detrimento
670 405 791 467 nullam
814 410 942 489 partem
965 405 1056 468 muni-

156 508 278 571 tionum
294 508 478 572 convellere
489 509 657 594 potuisset,
672 531 782 573 rursus
796 509 837 573 ab
855 509 1058 574 obsidendum

154 612 337 677 Lemonum
360 613 456 677 redit.

122 737 132 774 1
220 717 363 781 XXVII.
397 716 523 781 Eodem
555 723 702 801 tempore
733 717 770 781 O.
793 717 916 781 Fabius
944 718 1059 802 legatus

157 823 338 908 complures
371 821 517 885 civitates
548 822 582 884 in
614 821 711 885 fidem
740 822 873 906 recipit,
907 823 1059 887 obsidibus

156 928 259 991 firmat
296 927 476 1009 litterisque
517 925 643 1011 Caninii
677 926 712 988 fit
744 926 883 1006 certior,
917 947 999 1011 quae
1034 927 1059 989 in

121 1031 343 1097 aPiotonibus
377 1039 538 1113 gerantur.
596 1030 808 1115 proficiscitur
843 1031 884 1094 ad
917 1031 1060 1096 auxilium

156 1136 293 1201 Duratio
316 1136 494 1200 ferendum.
541 1142 573 1199 at
595 1135 782 1198 Dumnacus
811 1135 957 1201 adventu
979 1134 1061 1200 Fabii

158 1241 288 1324 cognito
314 1239 485 1324 desperata
507 1240 619 1321 salute,
642 1241 670 1303 si
692 1245 821 1303 coactus
845 1247 933 1306 esset
956 1241 1060 1305 etRo-

157 1364 287 1406 manum
319 1343 475 1407 sustinere
510 1348 542 1407 et
574 1342 735 1427 respicere
768 1365 805 1407 ao
834 1344 951 1410 timere
981 1343 1060 1430 oppi-

159 1448 275 1528 danos,
306 1452 439 1531 repente
470 1469 512 1511 ex
543 1468 582 1510 eo
612 1447 685 1511 Ioco
717 1468 802 1510 oum·
820 1449 924 1532 copiis
949 1447 1062 1513 recedit

157 1575 217 1617 neo
247 1574 280 1617 se
311 1552 387 1615 satis
416 1557 520 1615 tutum
544 1551 612 1626 fore
637 1552 824 1635 arbitratur,
857 1553 920 1616 nisi
942 1553 1061 1616 flumme

156 1656 286 1739 Ligeri,
319 1654 407 1740 quod
441 1661 508 1719 erat
541 1661 640 1738 ponte
672 1654 929 1736 transeundum,
966 1655 1061 1740 copisa

13 1820 23 1835 ‚
122 1764 134 1821 a
158 1760 377 1843 traduxisset.»
402 1760 532 1842 Fabius,
556 1760 617 1823 etsi
638 1759 783 1823 nondum
806 1759 842 1822 in
863 1766 1061 1844 conspectum

157 1872 291 1930 venerat
325 1886 429 1950 neque
462 1886 496 1928 se
531 1864 665 1928 Caninio
701 1864 932 1946 coniunxerat,
965 1869 1061 1927 tamen

159 1954 272 2034 doctus
295 1969 334 2032 ab
358 1969 407 2051 iis,
431 1969 485 2053 qui
499 1974 668 2049 noverant,
692 1967 830 2032 credidit
844 1968 976 2032 territos
994 1954 1061 2032 'eum

112 2089 135 2132 ’1
157 2075 274 2157 locum,
299 2094 395 2159 quem
417 2074 581 2158 petebant,
604 2073 777 2157 petituros,
801 2073 912 2156 itaque
934 2071 977 2136 ad
997 2093 1062 2136 eun·

123 2179 233 2242 sdem
270 2183 403 2263 pontem
438 2178 614 2243 contendit.
668 2182 911 2262 consequuntur
949 2179 1062 2263 equites

157 2284 259 2347 nostri
274 2282 494 2367 invaduntque
508 2283 668 2346 Dumnaci
687 2303 804 2365 agmen
819 2283 1063 2367 perterritosque

158 2387 216 2450 sub
240 2387 371 2451 sarcinis
395 2385 542 2470 adgressi
564 2407 682 2470 magna
704 2385 826 2470 praeda
843 2386 953 2449 multis
976 2387 1064 2449 inter·

158 2491 249 2554 fectis
272 2493 448 2574 potiuntur.
493 2492 537 2553 ita
569 2511 605 2554 re
633 2490 716 2553 bene
740 2495 834 2573 gesta
857 2511 891 2553 se
917 2491 1064 2575 recipiunt

159 2596 193 2656 in
216 2610 329 2657 castra.

124 2725 135 2763 1
224 2698 385 2764 XXVIII.
429 2699 617 2785 Insequenti
656 2705 752 2763 nocte
791 2699 912 2764 Fabius
951 2702 1064 2785 equites

158 2803 335 2886 praemittit
351 2804 395 2866 sic
409 2809 548 2888 paratos,
565 2808 601 2866 ut
617 2803 828 2886 confligerent
842 2810 940 2888 atque
958 2821 1064 2888 agmen

124 2932 136 2970 a
159 2914 371 2989 morarentur,
396 2907 472 2970 dum
489 2914 741 2992 consequeretur
755 2909 836 2992 ipse.
874 2911 965 2973 cuius
981 2928 1063 2994 prae·

160 3012 261 3095 ceptis
291 3018 326 3075 ut
355 3032 407 3074 res
436 3019 616 3095 gereretur,
649 3012 686 3086 Q.
716 3012 812 3077 Atius
841 3013 949 3078 Varus
981 3026 1063 3100 prae·

159 3115 261 3179 fectus
285 3117 438 3199 equitum,
462 3117 631 3200 singularis
655 3126 688 3181 et
711 3119 808 3182 animi
825 3125 858 3183 et
872 3120 1065 3203 prudentiae,

160 3240 234 3282 suos
257 3220 404 3284 hortatur
425 3240 606 3304 agmenque
627 3221 769 3284 hostium
793 3230 986 3288 consecutus
1009 3230 1064 3287 tur·

161 3343 229 3385 mas
252 3325 368 3407 partim
392 3324 517 3389 idoneis
539 3326 619 3388 locis
643 3325 784 3409 disponit
800 3328 917 3408 partim
933 3325 1065 3410 confligit

127 3425 323 3490 caudacius.
369 3428 510 3492 hostium
534 3429 779 3493 succedentibus
810 3430 992 3514 peditibus,
1022 3426 1064 3514 qui
