2332 3892
419 223 500 275 VIII.
528 225 641 274 46-48.
924 221 985 285 231

98 393 301 464 saturitatem
316 397 447 480 sciebat,
464 396 542 461 duas
558 396 592 459 in
606 396 744 460 Turonis
760 395 802 459 ad
817 395 898 460 fines
910 395 988 459 Oar—
1038 465 1041 472 ,

98 510 188 568 utum
211 503 329 588 posuit,
353 523 436 587 quae
456 523 585 567 omnem
600 501 769 585 regionem
785 499 990 564 coniunctam

98 621 206 672 *scano
231 606 443 688 continerent,
466 604 545 668 duas
568 604 708 688 reliquas
730 604 764 666 in
778 602 990 669 Lemovicum
1085 666 1089 671 .

97 711 190 776 nibus
211 731 280 775 ncn
294 710 392 793 longe
408 709 448 773 ab
464 707 629 789 Arvernis,
652 728 759 792 nequa
773 727 847 791 pars
864 705 989 771 Galbae

97 836 175 881 scus
199 815 240 879 ab
264 813 411 878 exercitu
426 817 521 878 esset.
552 831 674 896 paucos
692 810 761 875 dies
776 811 810 875 in
824 810 991 895 provincia
1013 827 1025 864 ⁵

97 925 236 1002 roratus,
266 939 339 982 cum
366 917 516 982 celeriter
538 936 652 980 omnes
675 920 853 980 conventus
875 935 989 999 percu-

97 1023 242 1103 nrrisset,
270 1021 415 1106 publicas
444 1019 678 1084 controversias
702 1025 884 1103 cognosset,
905 1019 990 1084 benc

97 1128 198 1193 teritis
220 1127 365 1211 praemia
386 1125 560 1208 tribuisset,
583 1124 625 1188 ad
647 1124 795 1208 legiones
818 1147 852 1190 se
876 1125 991 1209 recipit
1013 1145 1025 1182 o

97 1232 290 1315 ibernatque
312 1229 587 1294 Nemetocennae.

140 1334 281 1399 XLVII.
312 1333 364 1398 Ibi
393 1334 560 1418 cognoscit
591 1334 774 1398 Commium
800 1334 1026 1400 Atrebatem1

98 1439 201 1503 roelio
225 1459 298 1502 curn
321 1438 466 1522 equitatu
489 1459 547 1502 suo
572 1438 787 1503 contendisse.
819 1460 895 1503 nam
917 1460 992 1504 cum
1015 1458 1027 1496 2

96 1543 240 1606 antonius
255 1543 288 1605 in
302 1541 437 1607 hiberna
449 1541 600 1623 venisset,
621 1541 797 1625 Commius,
813 1543 992 1627 postillam

97 1647 335 1711 ulnerationem
364 1668 493 1732 semper
521 1646 563 1711 ad
586 1667 699 1712 omnes
722 1653 828 1712 motus
851 1654 993 1733 paratus,

96 1771 117 1816 ,e
155 1750 290 1814 consilia
319 1750 396 1814 belli
428 1751 654 1835 quaerentibus
685 1757 798 1816 auctor
829 1773 992 1816 armorum

96 1876 210 1940 nxque
228 1853 365 1936 deesset,
388 1861 521 1938 parente
536 1853 692 1919 Romanis
706 1855 834 1921 civitate
851 1877 885 1921 se
901 1878 991 1921 suos-

96 1981 140 2044 ,ue
164 1959 271 2024 alebat
293 1959 481 2044 infestisque
496 1960 663 2025 itineribus
678 1966 877 2025 commeatus
893 1962 991 2026 inter-

96 2063 228 2149 ipiebat.

141 2168 299 2233 XLVIH.
332 2169 411 2233 Erat
440 2168 612 2233 attributus
634 2167 778 2233 Antonio
810 2168 1026 2254 praefectus1

98 2273 224 2358 quitum
249 2272 285 2337 O.
301 2272 486 2338 Volusenus
510 2271 706 2352 Quadratum
730 2273 815 2337 hunc
830 2272 992 2337 Antonius

95 2377 119 2441 d
141 2377 404 2462 persequendum
428 2398 502 2441 eum
526 2377 633 2440 mittit.
660 2375 846 2442 Volusenus
862 2376 904 2440 ad
920 2398 993 2441 eam
1016 2392 1028 2430 2

95 2483 249 2565 irtutem,
283 2502 347 2566 qua
378 2482 546 2565 singularis
578 2486 664 2562 erat,
696 2502 849 2566 magnum
883 2482 993 2546 odium

95 2585 291 2676 ‚diungebat,
321 2606 384 2671 quc
408 2586 558 2651 libentius
581 2585 716 2667 faceret,
744 2585 832 2670 quod
853 2586 993 2671 impera-

95 2695 182 2755 retur.
227 2689 335 2775 itaque
366 2689 528 2775 dispositis
550 2689 674 2754 insidiis
697 2691 821 2775 equites
845 2691 914 2756 eius
936 2691 993 2755 ad·

95 2813 210 2870 ‚ressus
233 2793 375 2858 secunda
395 2794 520 2879 proelia
534 2793 683 2859 faciebat.
714 2796 899 2878 novissime,
922 2817 994 2859 cum
1017 2807 1029 2844 ³

95 2898 303 2964 'chementius
334 2897 585 2963 contenderetur
613 2920 650 2962 ac
679 2898 864 2963 Volusenus
894 2899 994 2983 ipsius

94 3001 306 3086 ntercipiendi
329 3000 469 3066 Commii
497 3002 672 3086 cupiditate
702 3003 896 3086 pertinacius
920 3024 993 3067 eum

94 3129 151 3171 :um
173 3106 285 3192 paucis
308 3107 471 3170 insecutus
488 3114 581 3188 esset,
605 3106 660 3171 ille
679 3113 788 3171 autem
804 3106 880 3190 fuga
894 3107 993 3171 vehe-

94 3213 179 3276 nenti
207 3210 409 3275 Volusenum
438 3209 664 3295 produxisset,
695 3210 843 3273 inimicus
872 3209 995 3274 homini

94 3335 212 3379 luorum
230 3315 360 3378 invocat
375 3313 472 3379 fidem
489 3321 585 3399 atque
601 3315 758 3378 auxilium
774 3335 994 3399 conversoque

94 3437 162 3504 aquo
188 3440 222 3484 se
243 3418 401 3483 incautius
416 3418 574 3503 permittit
587 3419 620 3481 in
635 3417 843 3502 praefectum.
875 3418 995 3482 faciunt
