2332 3892
160 245 199 306 14
524 247 546 297 Ι.
575 249 685 298 19-20.

124 436 136 474 ι
159 438 197 481 eo
214 419 432 503 conloquitur3
449 419 701 501 commonefacit,
718 440 799 503 quae
814 420 882 502 ipso
894 428 1064 503 praesente

157 521 189 584 in
213 523 347 586 concilio
365 522 405 588 de
420 523 619 607 Dumnorige
644 525 705 586 sint
722 524 815 604 dicta,
839 544 919 607 quae
936 546 1063 607 separa-

124 626 216 688 stim
238 628 370 710 quisquc
393 626 478 711 apud
501 648 535 690 se
567 627 698 708 dixerit3
725 628 822 711 petit,
846 633 882 690 ut
904 627 972 692 sine
997 630 1062 692 eius

158 729 334 794 offensione
370 731 423 794 vel
456 731 524 814 ipse
560 751 654 794 causa
697 730 825 813 cognita
858 736 975 794 statuat
1012 734 1064 796 vel

157 834 318 897 civitatem
341 839 481 898 statuere
505 835 622 900 iubeat.

122 967 134 1008 1
220 937 295 1001 XX.
326 937 506 1003 Divitiacus
526 940 633 1003 multis
649 960 721 1003 cum
736 940 874 1003 lacrimis
892 939 1062 1004 Gaesarem

156 1043 342 1125 complexus
366 1043 544 1125 obsecrare,
567 1065 607 1108 ne
631 1043 707 1128 quid
727 1044 855 1126 gravius
878 1042 910 1105 in
932 1043 1063 1106 fratrem

123 1152 325 1214 astatueret:
349 1147 439 1228 ,scire
462 1167 496 1211 se
519 1147 574 1209 illa
597 1167 666 1211 esse
689 1168 766 1211 vera
788 1167 847 1210 nec
871 1167 1063 1230 quemquam

156 1271 198 1314 ex
221 1270 260 1313 eo
283 1249 355 1334 plus
386 1271 481 1333 quam
510 1270 544 1313 se
575 1248 694 1314 doloris
726 1271 859 1335 capere,
890 1256 1063 1332 propterca

157 1352 257 1436 quod,
292 1353 453 1437 cumipse
477 1354 579 1435 gratia
601 1353 774 1436 plurimum
798 1350 885 1414 domi
910 1357 1005 1435 atque
1030 1353 1063 1414 in

156 1456 279 1538 reliqua
302 1454 425 1538 Gallia,
453 1456 506 1520 ille
529 1456 695 1519 minimum
718 1459 851 1538 propter
874 1454 1062 1518 adulescen-

123 1585 137 1625 a
157 1558 232 1621 tiam
256 1565 381 1642 posset,
404 1580 462 1642 per
485 1579 519 1622 se
543 1559 710 1639 crevisset3
735 1559 848 1642 quibus
869 1558 975 1621 nervis
998 1578 1063 1621 non

157 1662 260 1725 solum
284 1660 324 1725 ad
346 1660 552 1725 minuendam
570 1661 705 1745 gratiam
728 1660 786 1724 sed
800 1682 903 1744 paene
927 1660 968 1724 ad
989 1683 1062 1746 per·

157 1767 273 1832 niciam
309 1788 398 1830 suam
436 1771 589 1829 uteretur.
645 1785 716 1828 sese
748 1770 855 1829 tamen
888 1772 921 1829 et
953 1787 1063 1830 amore

123 1892 136 1934 s
157 1871 296 1935 fraterno
321 1877 354 1934 et
377 1870 613 1934 existimatione
628 1869 717 1952 vulgi
733 1871 937 1933 commoveri.
976 1871 1063 1954 quod

157 1974 183 2035 si
206 1973 282 2057 quid
298 1975 328 2038 ei
343 1973 470 2056 gravius
485 1972 662 2054 accidisset,
686 1973 843 2057 cumipse
860 1995 933 2037 eum
956 1974 1062 2037 locum

157 2075 314 2139 amicitiae
330 2081 465 2157 teneret,
477 2076 638 2140 neminem
655 2075 910 2140 existimaturum
926 2098 991 2141 non
1007 2099 1064 2140 sua

156 2179 321 2242 voluntate
344 2179 480 2242 factum:
511 2201 572 2262 qua
595 2200 693 2243 exre
717 2180 872 2263 futurum,
895 2182 942 2243 uti
965 2182 1063 2244 totius

124 2307 137 2344 s
159 2283 281 2347 Galliae
298 2283 393 2347 animi
404 2304 466 2347 ase
480 2281 723 2347 averterentur.‘
738 2282 817 2347 haec
831 2305 901 2347 cum
912 2285 1062 2368 supplici-

157 2387 215 2451 bus
245 2387 352 2450 verbis
382 2387 461 2451 flens
490 2391 633 2468 peteret,
667 2387 785 2450 Caesar
816 2388 884 2451 eins
916 2387 1061 2450 dextram

157 2489 301 2574 prendit;
336 2490 517 2553 consolatus
548 2496 642 2573 rogat
672 2471 768 2553 finem
808 2491 920 2554 orandi
950 2491 1062 2556 faciat:

159 2594 248 2674 ,tanti
285 2593 352 2657 eius
381 2592 466 2676 apud
496 2614 530 2656 se
550 2593 684 2676 gratiam
709 2615 789 2676 esse,
812 2595 859 2657 uti
883 2601 915 2659 et
934 2595 981 2658 rei
1004 2618 1061 2677 pu·

157 2696 259 2760 blicae
288 2695 436 2758 iniuriam
464 2700 497 2758 ct
526 2717 617 2758 suum
647 2694 794 2760 dolorem
818 2697 886 2761 eius
907 2698 1061 2762 voluntati

124 2830 137 2868 a
159 2821 194 2863 ac
216 2799 365 2883 precibus
386 2798 568 2864 condonet‘
604 2800 837 2883 Dumnorigem
853 2800 893 2863 ad
909 2808 1061 2883 sevocat,

158 2902 288 2965 fratrem
316 2901 462 2982 adhibet3
494 2923 574 2987 quae
598 2903 631 2965 in
654 2923 693 2967 eo
722 2902 956 2987 reprehendat,
981 2926 1062 2988 quae

157 3004 225 3087 ipse
249 3003 431 3085 intellegat,
461 3024 541 3086 quae
566 3004 674 3068 civitas
700 3012 868 3089 queratur,
894 3010 1061 3091 proponit3

157 3110 277 3186 monet,
301 3110 337 3168 ut
356 3105 389 3167 in
404 3106 562 3189 reliquum
583 3112 710 3191 tempus
734 3129 845 3172 omnes
867 3111 1062 3193 suspiciones

158 3208 253 3271 vitet:
276 3208 460 3291 ,praeterita
475 3229 508 3272 se
525 3209 614 3273 fratri
629 3209 834 3276 condonare.‘
870 3212 1061 3297 Dumnorigi

159 3309 307 3374 custodes
330 3310 434 3393 ponit,
458 3316 503 3392 ut,
526 3332 607 3394 quae
630 3320 714 3396 agat,
738 3315 928 3398 quibuscum
951 3317 1062 3400 loqua-

158 3420 218 3494 tur,
242 3414 329 3476 sciat.
