2332 3892
446 237 468 288 Ι.
498 240 610 289 21-22.
939 239 977 299 15

131 411 227 474 XXI.
267 410 393 474 Eodem
423 409 474 473 die
508 411 624 474 certior
652 410 753 473 factus
782 410 891 473 hostes
920 409 1009 472 subr

70 522 178 579 monte
196 514 380 579 consedisse
402 514 491 576 milia
511 534 662 596 passuum
685 513 723 576 ab
746 513 845 596 ipsius
869 513 979 576 castris

72 624 153 701 octe,
177 619 280 703 qualis
304 623 389 682 esset
411 623 523 680 natura
542 617 659 679 montis
684 623 716 678 et
740 615 840 699 qualis
863 617 895 678 in
919 616 977 678 oir-

71 720 158 783 cuitu
181 741 347 800 ascensus,
378 719 432 804 qui
455 724 696 802 cognoscerent,
721 719 816 782 misit.
860 739 978 782 renun-

70 824 183 887 tiatum
207 830 256 888 est
278 823 404 887 facilem
427 843 507 886 osse.
546 822 587 886 de
610 823 705 886 tertia
727 822 837 905 vigilia
858 821 894 884 Τ.
915 820 977 884 La·
1000 842 1012 880 a

71 928 218 1012 bionum,
260 929 402 1012 legatum
440 948 498 1011 pro
536 933 703 1011 praetore,
747 946 820 988 cum
857 924 978 994 duabus

71 1032 251 1115 legionibus
282 1037 314 1095 et
340 1031 379 1094 iis
404 1030 551 1112 ducibus,
583 1030 638 1112 qui
666 1029 727 1092 iter
750 1033 977 1112 cognoverant,

71 1155 230 1197 summum
252 1134 364 1217 iugum
388 1133 504 1196 montis
527 1131 702 1195 ascendere
717 1131 822 1212 iubet3
846 1132 914 1215 ipse
938 1132 978 1197 de
1000 1158 1012 1196 ³

72 1243 182 1322 quarta
197 1237 307 1321 vigilia
323 1236 440 1300 eodem
455 1237 580 1318 itinere,
597 1257 659 1320 quo
676 1236 787 1300 hostes
802 1237 915 1318 ierant,
938 1236 979 1300 ad

72 1362 126 1405 eos
149 1340 315 1404 contendit
331 1341 570 1424 equitatumque
587 1361 716 1404 onmem
731 1346 804 1404 ante
822 1362 855 1404 se
871 1341 978 1404 mittit.

71 1445 107 1508 P.
131 1443 312 1525 Considius,
334 1444 388 1527 qui
411 1443 459 1506 rei
481 1442 625 1506 militaris
648 1443 858 1526 peritissimus
880 1443 978 1506 habe·
1000 1467 1013 1504 r

73 1547 164 1611 batur
200 1551 233 1611 et
268 1546 301 1609 in
339 1547 482 1610 exercitu
518 1546 555 1610 L.
588 1546 695 1611 Sullae
733 1553 766 1611 et
802 1554 916 1632 postea
946 1549 990 1612 in'

72 1651 114 1715 M.
132 1650 239 1714 Crassi
260 1650 374 1730 luerat,
399 1671 470 1713 oum
487 1650 743 1734 exploratoribus
757 1652 980 1735 praemittitur.

135 1751 246 1817 XXII.
287 1752 396 1816 Prima
426 1753 519 1834 luce,
551 1774 624 1816 cum
657 1775 799 1816 summus
836 1775 928 1817 mons
961 1776 1013 1827 a1

72 1857 213 1922 Labieno
243 1861 423 1937 teneretur,
450 1857 518 1940 ipse
548 1857 586 1920 ab
616 1857 756 1920 hostium
783 1859 892 1921 castris
915 1880 980 1923 non

72 1962 198 2044 longius
215 1960 301 2023 mille
319 1966 351 2024 et
367 1960 548 2044 quingentis
568 1961 712 2046 passibus
731 1963 857 2027 abesset
874 1979 979 2048 neque

73 2072 125 2128 aut
150 2064 250 2148 ipsius
274 2064 429 2127 adventus
460 2071 513 2128 aut
541 2065 675 2129 Labieni
709 2066 855 2148 cognitus
885 2072 979 2149 esset,

74 2169 244 2234 Considius
267 2189 349 2252 equo
374 2168 512 2232 admisso
536 2168 577 2231 ad
602 2190 674 2233 eum
698 2168 854 2232 adcurrit:
878 2189 1013 2251 ,mon-r

74 2280 147 2355 tem,
171 2294 268 2358 quem
284 2295 303 2336 a
317 2273 461 2337 Labieno
486 2273 634 2357 occupari
653 2273 801 2354 voluerit,
825 2272 864 2335 ab
880 2272 979 2336 hosti-

39 2379 43 2385 ’
73 2377 130 2441 bus
151 2377 270 2441 teneri:
292 2388 329 2440 'se
353 2398 396 2440 ex
418 2375 547 2439 Gallicis
571 2377 667 2439 armis
690 2383 784 2460 atquc
804 2377 979 2459 insignibus

75 2478 283 2564 cognovisse‘
331 2479 449 2544 Caesar
474 2481 582 2563 copias
603 2481 636 2543 in
658 2481 841 2565 proximum
863 2481 980 2545 collem
1000 2508 1013 2546 a

75 2583 231 2664 subducit,
248 2584 350 2647 aciem
366 2584 501 2648 instruit.
523 2583 694 2665 Labienus,
710 2591 746 2647 ut
758 2590 826 2648 orat
841 2584 871 2647 ei
886 2605 979 2668 prae-

76 2695 203 2773 ceptum
225 2708 244 2750 a
268 2686 415 2768 Caesare,
436 2709 477 2752 ne
497 2689 655 2772 proelium
671 2687 897 2769 committeret,
920 2689 980 2750 nisi

75 2792 172 2874 ipsius
196 2790 307 2874 copiae
331 2811 432 2874 prope
456 2790 596 2855 hostium
626 2797 729 2855 castra
750 2792 837 2855 visae
862 2798 978 2873 essent,

76 2901 108 2955 ut
137 2891 279 2976 undique
302 2913 366 2956 uno
397 2898 544 2977 tempore
568 2894 706 2977 impetus
734 2895 842 2974 tieret,
869 2899 978 2958 monte

78 3002 231 3081 occupato
249 2998 456 3079 exspectabat
470 2998 641 3082 poelioque
658 2998 845 3061 abstinebat.
876 2997 977 3061 multo
1000 3034 1013 3070 4

78 3101 214 3187 denique
251 3100 302 3165 die
334 3122 392 3184 per
423 3102 644 3186 exploratores
679 3101 797 3166 Caesar
829 3101 980 3183 cognovit

79 3210 108 3268 et
142 3210 287 3267 montem
323 3225 342 3266 a
373 3205 436 3267 suis
469 3205 573 3268 teneri
611 3210 643 3269 et
676 3203 845 3268 Helvetios
877 3209 980 3267 castra

79 3308 214 3372 movisse
238 3312 271 3371 et
295 3306 480 3370 Considium
503 3307 619 3371 timore
642 3308 862 3391 perterritum,
892 3306 980 3391 quod

79 3431 139 3474 non
153 3411 299 3492 vidisset,
321 3411 463 3494 proviso
488 3409 548 3473 sibi
569 3411 810 3474 renuntiavisse.
851 3408 977 3487 eodem,
1000 3443 1012 3481 5
