2332 3892
527 229 563 280 11.
590 231 702 282 re-rs.
1030 233 1070 293 55

160 399 214 463 alii
243 398 421 463 subsidium
442 400 546 466 ‘ferret
576 423 681 487 neque
705 403 871 484 timerent,
903 423 943 466 ne
968 403 1071 466 aversi

135 494 167 583 ζ
161 505 482 586 circumvenirentur,
518 505 669 568 audacius
703 506 854 569 resistere
889 527 925 570 ac
958 507 1071 569 fortius

160 607 338 724 pugnarep
353 608 482 672 interim
498 609 616 673 milites
638 608 804 691 legionum
821 608 965 691 duarum,
989 630 1070 694 quae
1093 625 1105 663 ³

159 712 193 774 in
215 712 389 775 novissimo
406 713 533 795 agmine
557 711 717 797 praesidio
739 712 979 797 impedimentis
1001 714 1070 776 lue-

160 801 359 921 rant,}cmsu
381 815 511 880 incitato
536 817 569 879 in
585 837 709 880 summo
727 805 1069 900 collelconspicieban-

160 925 211 983 tur
242 926 274 984 et
303 920 339 984 Τ.
371 920 532 985 Labienus
563 921 674 983 castris
703 904 844 984 hostium
873 922 995 1005 potitus
1028 926 1106 1002 et,4

124 1006 242 1117 [quae
266 1045 318 1088 res
341 1024 374 1086 in
396 1025 514 1087 nostris
537 1030 735 1106 gererentur,
760 1025 960 1108 conspicatus
983 1024 1069 1088 deci·

160 1149 245 1192 mam
268 1129 432 1211 legionem
455 1127 708 1226 subsidiolmisit.
750 1128 892 1212 quicum
915 1149 957 1191 ex
981 1128 1069 1211 equi·
1093 1146 1105 1184 a

162 1238 228 1294 tum
260 1238 293 1295 et
325 1233 473 1295 calonum
504 1232 596 1314 fuga,
628 1251 691 1314 quo
723 1231 758 1293 in
788 1231 860 1293 loco
891 1251 942 1294 res
975 1238 1069 1313 esset,

104 1392 133 1423 s
162 1316 294 1430 quanto}
305 1336 338 1398 in
360 1335 502 1419 periculo
536 1341 568 1398 et
590 1347 694 1397 castra
724 1339 756 1395 et
778 1333 923 1415 legiones
955 1340 987 1395 et
1009 1334 1068 1395 im·

161 1445 292 1522 perator
314 1445 505 1520 versaretur,
530 1437 767 1520 cognovissent,
789 1436 869 1499 nihil
892 1435 933 1498 ad
956 1438 1069 1501 celeri-

161 1547 259 1606 tatem
284 1542 343 1605 sibi
365 1542 480 1627 reliqui
501 1542 657 1605 fecerunt.

203 1644 347 1708 XXVII.
383 1645 510 1708 Horum
533 1645 675 1708 adventu
691 1650 779 1708 tanta
794 1665 901 1708 rerum
926 1665 1068 1706 commu·
1091 1669 1102 1708 1

161 1748 239 1810 tatio
264 1753 313 1811 est
335 1747 427 1830 facta,
458 1728 623 1847 utpletiam,
648 1749 701 1833 qui
723 1749 908 1812 vulneribus
933 1748 1069 1811 confecti

160 1851 413 1933 procubuissent,
444 1853 540 1915 scutis
563 1852 664 1915 innixi
687 1852 845 1935 proelium
868 1851 1068 1934 redintegra-

160 1943 407 2056 rent.[calones
430 1956 619 2040 perterritos
641 1955 751 2020 hostes
775 1956 949 2040 conspicati
972 1957 1103 2020 etiamr

104 2118 109 2131 ,
160 2058 298 2121 inermes
322 2059 450 2121 armatis
474 2078 659 2149 occurren&
684 2060 807 2142 equites
832 2080 920 2140 vero,
944 2064 979 2121 ut
1002 2065 1067 2121 tur-

160 2163 337 2245 pitudinem
352 2162 447 2246 fugae
465 2163 620 2245 delerent,
638 2164 784 2227 omnibus
800 2164 832 2227 in
847 2163 927 2226 locis
939 2183 1067 2248 pugnae

161 2285 193 2329 se
216 2265 401 2348 legionariis
417 2266 569 2330 militibus
585 2266 758 2349 praeferre.
798 2271 830 2329 at
845 2267 955 2331 hostes
971 2267 1067 2329 etiam
1089 2286 1102 2324 a

160 2367 190 2430 in
215 2375 360 2432 extrema
382 2389 438 2452 spe
462 2368 572 2431 salutis
595 2374 717 2431 tantam
732 2368 883 2432 virtutem
899 2368 1067 2451 praestite-

160 2478 248 2552 runt,
271 2478 323 2552 ut,
346 2492 419 2534 curn
441 2473 536 2556 primi
543 2442 766 2588 succidissent,
798 2473 939 2556 proximi
961 2473 1067 2536 iacen-
1151 2518 1160 2548 1

160 2574 244 2638 tibus
267 2575 450 2639 insisterent
479 2580 574 2659 atque
598 2566 850 2666 exlcorporibus
870 2582 1066 2660 pugnarent3
1133 2618 1152 2669 ‚a

160 2676 207 2739 his
224 2676 357 2741 deiectis
381 2683 414 2741 et
430 2678 624 2743 coacervatis
641 2677 859 2759 cadaveribus,
882 2680 936 2763 qui
955 2699 1065 2762 super·
1088 2705 1101 2742 r
1125 2677 1164 2731 ῥ’·

104 2788 112 2799 '
161 2787 282 2861 essent,
299 2769 355 2863 lex
378 2782 500 2844 tumulo
524 2760 796 2869 telalconioerent
826 2788 858 2845 et
880 2783 946 2867 pila
968 2783 1065 2846 inter-

161 2890 253 2967 cepta
276 2883 493 2948 remitterent:
517 2890 640 2947 utnon
663 2887 857 2979 nequiquam
880 2892 985 2950 tant-ae
1002 2888 1064 2951 vir·
1088 2911 1101 2949 s

159 2988 234 3049 tutis
251 2987 398 3050 homines
412 2987 545 3051 iudicari
558 2986 861 3081 deberent-,transire
876 2991 1064 3054 latissimum

159 3091 287 3172 flumen,
311 3090 484 3154 ascendere
505 3092 672 3155 altissimas
688 3094 782 3176 ripas,
806 3094 911 3158 subire
934 3096 1064 3178 iniquis-

161 3195 275 3258 simum
301 3195 428 3259 locum:
461 3217 542 3279 quae
572 3196 677 3259 facilia
707 3217 748 3259 ex
773 3183 975 3260 difficillimis*
992 3199 1063 3262 red-

160 3304 280 3381 egerat.
969 3287 993 3315 '‘

201 3401 362 3465 XXVIII.
394 3402 467 3465 Hoc
490 3403 613 3487 proelio
630 3403 713 3466 facto
739 3409 771 3467 et
785 3424 886 3488 prope
902 3404 943 3467 ad
965 3405 1062 3469 inter·
1086 3428 1097 3466 r
