2332 3892
230 877 233 881 ,
493 795 548 866 Α.’
569 790 713 869 HlRTl

314 965 389 1049 DE
419 965 601 1050 BELLO
633 966 889 1052 GALLICO.

469 1275 614 1351 LIBER
641 1277 742 1350 VIII.

96 1481 98 1486 ·
116 1473 128 1511 1
218 1451 356 1515 Coactus
378 1451 522 1516 adsiduis
541 1452 605 1515 tuis
621 1452 764 1533 vocibus,
787 1451 902 1535 Balbe,
926 1472 992 1516 oum
1006 1469 1046 1512 co·

150 1556 273 1621 tidiana
284 1578 357 1620 mea
368 1556 527 1620 recusatio
539 1577 606 1621 non
617 1555 813 1620 difficultatis
824 1556 1046 1620 excusationem

152 1659 210 1724 sed
232 1660 366 1724 inertiae
385 1661 549 1726 videretur
566 1660 828 1744 deprecationem
843 1659 973 1742 habere,
993 1676 1048 1722 ren

117 1783 129 1822 2
152 1764 294 1848 suscepi:
320 1763 467 1828 Caesaris
489 1764 592 1828 nostri
615 1764 864 1829 commentarios
885 1784 990 1827 rerum
1006 1779 1049 1846 ge·

153 1877 274 1934 starum
304 1869 455 1934 contexui
484 1869 760 1952 novissimumque
783 1869 823 1932 ab
846 1869 945 1932 rebus
967 1863 1051 1952 gestis

151 1973 371 2039 Alexandriae
396 1973 519 2038 confeci
540 1993 642 2057 usque
658 1972 700 2036 ad
716 1973 840 2036 exitum
855 1995 923 2038 non
938 1970 1051 2056 quiden

153 2081 256 2146 civilis
279 2079 505 2162 dissensionis,
532 2079 621 2143 cuius
643 2079 741 2142 finem
762 2078 886 2141 nullum
909 2076 1053 2152 videmus,

118 2216 130 2253 a
152 2183 211 2247 sed
232 2184 318 2248 vitae
339 2182 495 2247 Caesaris.
529 2202 609 2266 quos
631 2182 753 2246 utinam
776 2182 830 2266 qui
853 2182 965 2266 legent
986 2180 1053 2245 scire

151 2289 286 2373 possint,
309 2308 405 2370 quam
426 2287 545 2352 invitus
569 2285 766 2368 susceperim
781 2284 980 2366 scribendos,
1002 2301 1054 2368 quo

152 2391 276 2456 facilius
294 2411 420 2454 caream
433 2390 587 2454 stultitiae
602 2396 698 2475 atque
711 2391 914 2474 arrogantiae
926 2390 1055 2465 crimine,

153 2496 207 2578 qui
238 2515 289 2558 me
322 2494 437 2557 mediis
468 2494 717 2578 interposuerim
750 2493 898 2559 Caesaris
931 2492 1053 2578 scriptis.

118 2629 130 2666 4
154 2604 278 2662 constat
290 2599 376 2662 enim
387 2599 471 2662 inter
484 2619 606 2680 onmes,
622 2599 704 2663 nihil
714 2606 781 2662 tam
795 2619 933 2682 operose
945 2599 984 2663 ab
997 2595 1055 2662 aliis

153 2723 224 2765 esse
247 2701 436 2784 perfectum,
461 2701 547 2784 quod
568 2723 635 2765 non
657 2702 773 2766 horum
796 2704 960 2788 elegantia
983 2721 1055 2768 com·

118 2836 129 2873 s
152 2807 383 2871 mentoriorum
399 2813 577 2890 superetur.
609 2807 664 2889 qui
680 2813 753 2870 sunt
769 2806 858 2890 editi,
878 2828 920 2871 ne
937 2803 1057 2872 scientia

150 2918 311 2976 tantarum
340 2932 449 2974 rerum
478 2910 687 2993 scriptoribus
718 2909 802 2974 desit
824 2911 972 2996 adeoque
994 2927 1055 2994 pro·

151 3017 267 3080 bantur
284 2995 425 3080 omnium
440 3015 570 3097 iudicio,
593 3021 629 3078 ut
644 3012 824 3099 praerepta,
840 3036 908 3080 non
923 3012 1055 3100 praebita

117 3121 285 3185 sfaoultas
314 3121 523 3205 scriptoribus
552 3118 709 3183 videatur.
762 3120 853 3182 cuius
884 3127 991 3184 tamen
1016 3111 1052 3178 rei

151 3224 254 3288 maior
275 3231 386 3290 nostra
409 3245 504 3308 quam
526 3223 723 3307 reliquorum
739 3229 787 3286 est
804 3223 990 3288 admiratio:
1012 3237 1053 3282 oe·

152 3328 213 3390 teri
237 3330 335 3411 enim,¹
356 3350 450 3412 quam
468 3329 552 3392 bene
570 3335 664 3411 atque
682 3327 862 3410 emendate,
885 3349 946 3392 nos
960 3325 1052 3397 etiam
