2332 3892
136 250 195 312 198
520 250 581 300 VII.
609 252 649 300 ll.

98 428 194 488 stur.
240 423 337 486 animi
361 427 410 486 est
433 423 493 486 ista
516 421 662 504 mollitia,
685 443 751 486 non
773 423 885 487 virtus.
930 423 1028 508 quise

133 526 216 590 ultro
250 528 344 590 morti
375 526 526 608 offerant,
556 526 681 590 facilius
712 527 918 611 reperiuntur
947 546 1030 610 quam

99 630 187 714 cqui
219 629 364 695 dolorem
395 631 556 715 patienter
584 630 697 695 ferant.
743 637 839 715 atque
869 651 932 716 ego
960 632 1032 695 hanc

133 735 324 797 sententiam
360 733 530 819 probarem
569 732 706 814 (tantum
740 733 879 818 dignitas
912 734 1032 819 potest),

133 837 159 901 si
190 837 309 900 nullam
339 843 564 922 praeterquam
595 837 680 902 vitae
718 844 848 901 nostrae
887 838 1032 902 iacturam

98 940 202 1005 rfieri
223 939 385 1020 viderem;
418 940 476 1004 sed
505 941 537 1003 in
568 940 699 1004 consilio
730 940 888 1024 capiendo
914 961 1033 1005 omnem

135 1044 272 1107 Galliam
294 1043 511 1127 respiciamus,
535 1065 631 1128 quam
653 1044 696 1108 ad
717 1051 865 1109 nostrum
888 1046 1033 1109 auxilium

98 1147 370 1219 aconcitavimus.
415 1147 581 1212 hominum
613 1148 740 1213 milibus
763 1174 848 1213 cxxx
870 1170 935 1213 uno
967 1151 1032 1214 loco

132 1252 307 1317 interfectis
330 1251 407 1336 quid
428 1252 616 1337 propinquis
639 1252 952 1338 consanguineisque
974 1253 1032 1316 ani·

133 1356 176 1419 mi
198 1356 267 1420 fore
291 1355 490 1436 existimatis,
514 1356 541 1418 si
563 1377 666 1440 paene
689 1357 722 1420 in
737 1356 815 1440 ipsis
831 1356 1032 1422 cadaveribus

98 1489 112 1529 s
133 1460 256 1545 proelio
281 1459 446 1524 decertare
470 1462 648 1544 cogentur?
671 1461 771 1525 nolite
795 1465 904 1524 vestro
921 1460 1032 1525 auxilio

133 1563 288 1647 spoliare,
318 1563 372 1647 qui
399 1584 492 1626 suum
520 1564 697 1648 periculum
727 1565 959 1648 neglexerunt,
980 1585 1033 1629 nec

133 1667 268 1732 stultitia
305 1686 341 1730 ac
378 1667 558 1732 temeritate
596 1673 704 1732 vestra
734 1673 788 1731 aut
818 1668 1032 1733 imbecillitate

99 1795 124 1835 ιο
135 1792 262 1837 omnem
286 1770 422 1835 Galliam
446 1777 661 1854 prosternere.
705 1792 755 1854 an,
779 1771 868 1856 quod
890 1772 933 1836 ad
956 1771 1033 1836 diem

133 1896 198 1939 non
220 1881 387 1957 venerunt,
413 1875 452 1939 de
475 1894 588 1939 eorum
602 1873 666 1938 fide
683 1875 926 1960 constantiaque
951 1875 1032 1940 dubi-

133 1980 229 2043 tatis?
261 1979 337 2064 quid
360 1980 463 2063 ergo?
494 1977 660 2042 Romanos
689 1979 723 2042 in
749 1978 810 2041 illis
834 1978 1033 2043 ulterioribus

133 2082 361 2147 munitionibus
384 2082 523 2146 animine
546 2101 642 2144 causa
670 2080 789 2145 cotidie
813 2083 962 2147 exerceri
981 2102 1033 2168 pu·

100 2188 230 2250 utatis?
263 2187 289 2250 si
311 2185 439 2249 illorum
470 2183 588 2248 nuntiis
612 2183 793 2247 confirmari
814 2204 882 2248 non
904 2184 1033 2270 potestis

136 2290 222 2354 omni
259 2288 348 2353 aditu
391 2292 600 2372 praesaepto‚
651 2287 701 2350 his
739 2287 864 2351 utimini
903 2289 1032 2354 testibus

134 2391 389 2476 adpropinquare
419 2411 531 2456 eorum
570 2391 760 2456 adventum:
800 2393 889 2457 cuius
923 2394 1033 2457 timore

135 2495 280 2560 exterriti
312 2494 397 2558 diem
432 2500 624 2579 noctemque
663 2495 696 2558 in
734 2515 831 2579 opere
862 2503 1034 2561 versantur.

100 2597 211 2683 mquid
234 2618 310 2682 ergo
334 2599 399 2662 mei
421 2598 546 2662 consilii
568 2600 640 2663 est?
671 2599 796 2681 facere,
827 2599 917 2684 quod
940 2600 1035 2666 nostri

134 2701 272 2765 maiores
294 2721 494 2785 nequaquam
522 2702 592 2785 pari
617 2701 703 2766 bello
730 2702 934 2767 Cimbrorum
957 2704 1034 2769 Teu·

133 2812 308 2890 tonumque
331 2804 494 2868 fecerunt:
527 2805 581 2888 qui
613 2805 646 2868 in
677 2804 796 2890 oppida
822 2807 982 2890 compulsi
1003 2825 1035 2869 ac

134 2909 228 2974 simili
249 2908 357 2992 inopia
372 2909 495 2973 subacti
511 2928 622 2973 corum
639 2908 836 2993 corporibus,
861 2910 916 2994 qui
933 2915 1034 2975 aetate

133 3014 260 3080 inutiles
283 3012 490 3094 videbantur,
513 3012 611 3075 vitam
634 3013 853 3077 toleraverunt
876 3035 982 3098 neque
1004 3031 1034 3075 se

61 3145 125 3185 ran
136 3117 344 3182 tradiderunt.
388 3137 463 3179 nam
492 3113 569 3199 quid
599 3113 646 3176 illi
668 3112 771 3178 simile
793 3112 907 3178 bello?
939 3114 1034 3199 depo·

134 3220 241 3302 pulata
264 3219 370 3283 Gallia
393 3218 514 3283 Cimbri
542 3238 721 3301 magnaque
745 3217 834 3280 illata
857 3218 1033 3282 calamitate

132 3322 247 3387 finibus
269 3323 385 3386 nostris
408 3321 579 3407 aliquando
611 3327 819 3386 excesserunt
841 3327 938 3406 atque
961 3321 1032 3385 alias

132 3433 233 3492 terras
264 3428 442 3511 petierunt;
471 3428 555 3508 iura,
578 3425 687 3508 leges,
717 3445 827 3509 agros,
857 3425 1032 3490 libertatem
