2332 3892
157 252 220 315 190
508 251 572 302 vu.
600 253 712 302 ar-sa

121 453 134 492 a
154 424 298 489 nondum
318 423 477 488 resedisse
501 424 665 508 sperabat:
688 425 889 510 principibus
904 427 1053 511 pecunias,

156 528 277 592 civitati
306 535 414 593 autem
444 529 616 612 imperium
643 531 742 594 totius
764 533 951 615 provinciae
973 535 1055 618 polli-

157 641 255 696 cetur.
694 696 697 701 ,

122 764 133 804 1
219 736 323 802 LXV.
353 736 521 802 Praesidia
543 737 724 801 cohortium
747 738 884 803 duarum
907 747 941 804 et
955 741 1057 825 viginti

156 860 200 904 ex
220 840 291 924 ipsa
311 841 478 924 provincia
500 840 540 904 ab
562 839 600 904 L.
625 840 764 906 Caesare
786 843 897 925 legato
922 867 1056 930 oppone-

122 969 136 1010 a
155 943 281 1008 bantur.
325 944 436 1008 Helvii
459 965 517 1008 sua
537 949 652 1027 sponte
680 965 754 1008 cum
774 944 918 1011 finitimis
941 950 1057 1034 proelio

157 1049 322 1132 congressi
353 1049 389 1114 O.
419 1048 551 1113 Valerio
581 1048 810 1132 Donuotauro,
842 1049 963 1116 Caburi
990 1053 1056 1134 filio,

156 1152 301 1237 principe
324 1153 475 1234 ciuitatis,
499 1151 777 1236 compluribusque
800 1153 871 1217 aliis
893 1155 1059 1221 interfectis

123 1255 240 1324 sintra
271 1275 381 1319 muros
420 1256 666 1340 compelluntur.
719 1256 917 1342 Allobroges
950 1261 1059 1326 crebris

158 1357 199 1421 ad
227 1356 422 1422 Rhodanum
452 1357 615 1445 dispositis
650 1359 818 1443 praesidiis
846 1383 965 1446 magna
993 1385 1059 1429 cura

123 1468 191 1530 set
221 1461 387 1544 diligentia
415 1483 490 1526 suos
520 1463 600 1527 fines
625 1468 766 1529 tuentur.
811 1463 948 1547 Caesar,
981 1467 1059 1553 quod

157 1566 267 1629 hostes
299 1567 442 1651 equitatu
473 1567 655 1652 superiores
687 1587 758 1632 esse
789 1567 1002 1654 intellegebat
1031 1577 1059 1635 et

157 1671 337 1736 interclusis
367 1672 514 1736 omnibus
544 1670 712 1736 itineribus
743 1671 833 1736 nulla
860 1692 897 1736 re
929 1693 971 1737 ex
992 1693 1058 1758 pro·

157 1778 264 1842 vincia
284 1784 380 1862 atque
403 1777 497 1843 Italia
519 1776 680 1841 sublevari
701 1780 845 1860 poterat,
869 1780 958 1841 trans
979 1777 1059 1841 Rbe-

158 1903 235 1946 num
256 1883 290 1946 in
314 1881 522 1946 Germaniam
544 1880 641 1945 mittit
663 1878 706 1943 ad
728 1899 783 1944 eas
806 1878 970 1963 civitates,
991 1901 1060 1966 quas

158 1987 375 2072 superioribus
405 1986 495 2050 annm
523 1988 708 2070 pacaverat,
738 1982 928 2067 equitesque
958 1983 997 2048 ab
1017 1983 1061 2046 his

159 2092 290 2155 arcessit
312 2097 346 2156 et
367 2090 448 2154 levis
471 2096 650 2154 armaturae
668 2086 805 2174 pedites,
829 2087 884 2171 qui
905 2086 991 2153 inter
1012 2108 1061 2153 eos

158 2194 335 2279 proeliari·
352 2200 554 2259 consuerant.
609 2192 751 2258 adventu
793 2190 898 2256 minus
945 2191 1061 2257 idoneis

126 2322 139 2360 a
161 2298 251 2383 equis
273 2297 464 2361 utebantur:
494 2298 534 2362 ab
557 2296 693 2362 tribunis
714 2295 852 2358 militum
874 2295 1061 2380 reliquisque

161 2400 321 2485 equitibus
357 2399 513 2464 Romanis
557 2420 658 2484 equos
697 2397 793 2462 sumit
834 2396 1061 2483 Germanisque

162 2503 333 2568 distribuit.

128 2631 140 2670 1
225 2605 346 2670 LXVI.
379 2605 511 2672 Interea
537 2607 680 2671 hostium
709 2607 821 2691 copiae
849 2627 893 2671 ex
915 2603 1063 2670 Aruernis

129 2735 141 2773 a
162 2710 360 2794 equitesque,
377 2712 431 2796 qui
448 2717 538 2775 erant
549 2710 709 2797 imperati,
725 2711 932 2775 conveniunt.
955 2727 1062 2794 magua

162 2816 278 2880 horum
301 2821 411 2879 coacto
435 2837 580 2900 numero,
604 2837 676 2880 cum
693 2815 812 2880 Caesar
833 2834 893 2900 per
909 2821 1063 2879 extremos

162 2921 346 3004 Lingonum
377 2919 455 2984 fines
489 2920 551 2983 iter
578 2920 717 3002 faceret,
749 2938 812 3001 quo
842 2917 968 2982 facilius
998 2915 1062 2979 subs

164 3024 280 3089 sidium
316 3024 499 3108 provinciae
539 3024 624 3089 ferre
659 3028 787 3109 posset,
826 3021 955 3088 circiter
987 3020 1064 3085 milia

163 3150 315 3213 passuum
331 3153 352 3192 x
365 3127 404 3191 ab
419 3126 574 3192 Romanis
589 3129 680 3191 trinis
697 3125 808 3191 castris
823 3123 1063 3209 Vercingetorix

131 3232 310 3297 aconsedit
344 3231 593 3314 convocatisque
624 3229 666 3294 ad
700 3228 872 3294 concilium
902 3225 1063 3314 praefectis

166 3335 308 3418 equitum
340 3334 466 3398 venisse
501 3340 628 3418 tempus
662 3332 816 3396 victoriae
857 3330 1063 3396 demonstrat:

167 3435 287 3518 ,lugere
321 3435 355 3499 in
385 3436 583 3519 provinciam
614 3436 782 3501 Romanos
816 3433 986 3519 Gadisque
1016 3450 1062 3495 ex·
