2332 3892
464 222 501 272 ΙΙ.
529 223 624 272 8-10.
949 221 990 282 45

79 399 241 480 poterant,
257 394 296 459 ab
308 392 461 458 lateribus
472 383 652 478 pugnantes
669 413 744 455 suos
760 391 990 455 circumvenire

81 502 225 582 possent.
249 497 312 561 hoc
323 498 407 561 facto
419 496 541 560 duabus
550 495 742 578 legionibus,
754 517 832 579 quas
842 496 990 579 proxime
1013 512 1026 552 ⁶

83 600 332 685 conscripserat,
355 601 388 663 in
411 600 520 663 castris
549 598 685 680 relictis,
715 605 766 679 ut,
796 598 886 682 siquo
911 619 991 682 opus

83 710 180 787 esset,
205 704 345 768 subsidio
372 704 443 767 duci
464 708 610 788 possent,
628 703 766 785 reliquas
788 722 847 765 sex
868 702 901 763 in
923 702 992 766 acie

83 810 260 874 constituit.
305 809 415 873 hostes
436 809 515 872 item
538 827 611 871 suas
635 806 743 890 copias
767 807 991 868 instruxerant.

146 911 207 976 IX.
229 911 328 975 Palus
343 917 411 975 erat
429 932 495 974 non
509 930 625 992 magna
639 910 722 972 inter
737 913 883 971 nostrum
896 915 991 992 atque
1014 932 1026 971 1

81 1015 223 1078 hostium
256 1015 442 1080 exercitum.
504 1015 586 1078 hanc
620 1014 647 1077 si
679 1014 780 1076 nostri
812 1013 992 1096 transirent,

81 1119 193 1183 hostes
222 1119 469 1201 exspectabant3
505 1119 607 1182 nostri
638 1124 762 1196 autem,
797 1119 823 1180 si
857 1119 896 1181 ab
930 1118 992 1181 iilis

81 1219 208 1286 initium
237 1222 422 1285 transeundi
448 1222 555 1305 fieret,
586 1227 621 1284 ut
643 1221 804 1304 inpeditos
834 1221 992 1304 adgrede-

82 1331 214 1407 rentur,
232 1303 369 1409 .parati-³'
379 1331 479 1389 erant.
534 1325 660 1387 interim
696 1324 818 1408 proelio
854 1325 1027 1408 equestria

81 1428 166 1492 inter
188 1426 267 1490 duas
283 1416 367 1492 acie's
385 1427 648 1492 contendebatur.
681 1427 736 1490 ubi
759 1429 864 1491 neutri
890 1434 992 1491 trans·

83 1530 181 1595 eundi
196 1531 321 1594 initium
338 1531 467 1613 faciunt,
491 1530 679 1594 secundiore
704 1532 845 1612 equitum
867 1530 1009 1629 proelio,

85 1633 205 1698 Caesar
232 1654 308 1698 suos
332 1634 364 1696 in
397 1639 500 1698 castra
528 1632 664 1697 reduxit.
716 1632 826 1696 hostes
848 1633 1027 1716 protinus'a

84 1736 125 1799 ad
135 1737 257 1801 flumen
268 1735 419 1800 Axonam
432 1713 744 1854 contenderuntiiibi
755 1736 845 1800 vadis
857 1712 997 1820 repertis!
1015 1762 1027 1799 4

86 1845 213 1923 partem
232 1804 405 1941 copiarum(
409 1840 577 1905 traducere
589 1845 694 1904 conati
704 1846 777 1904 sunt
794 1861 833 1905 eo
851 1840 994 1919 consilio,
1088 1885 1094 1901 .

84 1947 130 2023 ut,
154 1943 182 2005 si
204 1949 346 2027 possent,
370 1944 545 2025 castellum,
569 1944 618 2006 cui
633 1949 781 2026 praeerat
798 1942 836 2016 Q.
852 1943 993 2006 Titurius

84 2047 221 2130 legatus,
247 2053 470 2131 expugnarent
492 2052 687 2130 pontemque
711 2046 993 2127 interscinderent3

85 2151 112 2213 si
126 2133 243 2314 minupi
258 2170 353 2234 agros
365 2149 782 2235 Remorumpopuiarentur
798 2127 994 2214 coinmeatu-
1016 2173 1028 2211 s

86 2272 147 2336 que
170 2271 213 2314 no
231 2257 299 2315 tros
321 2252 538 2336 prohiberent.

149 2353 193 2418 X.
219 2352 337 2417 Caesar
365 2357 482 2419 certior
513 2355 614 2419 factus
645 2355 684 2419 ab
708 2355 830 2419 Titurio
866 2376 1028 2426 omnem1

88 2443 264 2541 equitatum
288 2463 321 2522 et
334 2458 415 2523 levis
436 2463 615 2524 armaturae
629 2459 795 2541 Numidas,
817 2459 995 2525 funditores

86 2559 332 2645 sagittariosque
355 2567 487 2645 pontem
502 2562 640 2626 traducit
663 2570 757 2647 atque
781 2563 821 2626 ad
845 2585 902 2628 cos
918 2586 995 2630 con-

86 2662 199 2727 tendit.
251 2647 387 2781 acriter]
395 2671 572 2748 pugnatum
601 2671 665 2729 est:
697 2665 807 2728 hostes
835 2666 1030 2750 inpeditoss

88 2767 189 2830 nostri
221 2767 255 2830 in
291 2767 421 2832 flumme
458 2768 603 2852 adgressi
639 2748 811 2852 magnum)
827 2790 996 2833 numerum

90 2867 293 2949 occiderunt3
339 2889 397 2952 per
414 2851 569 2961 [corpora
604 2870 746 2954 reliquos
784 2869 1029 2940 audacissimea

89 2972 223 3036 transire
239 2977 390 3034 conantes
402 2971 605 3035 multitudine
615 2972 755 3035 telorum
769 2972 995 3055 reppulerunt,

89 3075 226 3159 primos,
246 3074 313 3158 'qui
342 3076 549 3156 transierant,
588 3074 731 3158 equitatu
762 3074 995 3139 circumventos

90 3177 327 3241 interfecerunt.
346 3174 467 3258 hostes,
482 3176 536 3240 ubi
548 3181 582 3240 et
594 3176 634 3239 de
646 3176 861 3260 expugnando
875 3176 993 3260 oppido
1017 3209 1029 3246 4

91 3287 122 3343 et
144 3279 185 3344 de
200 3279 332 3343 flumine
348 3279 543 3344 transeundo
560 3300 651 3363 spem
673 3300 708 3343 se
723 3259 994 3444 fefellissegneque

90 3382 215 3446 nostros
243 3382 277 3445 in
304 3381 413 3446 locum
444 3382 636 3467 iniquiorem
659 3382 813 3466 progredi
823 3355 877 3517 ]vi
903 3389 995 3445 erunt

777 3487 792 3535 3
801 3482 817 3516 ᾗ
