2332 3892
182 250 243 314 158
545 251 608 300 vn.
637 249 713 300 1-1.

120 438 161 477 oa
179 443 213 485 se
247 420 536 486 circumsisterent‘
588 422 750 505 Bituriges
791 442 903 485 eorum
944 421 1073 485 discessu

179 526 285 589 statim
309 548 381 589 cum
402 523 557 590 Arvernis
579 525 762 608 iunguntur.

144 653 155 691 1
242 629 300 694 VI.
332 630 394 694 His
425 628 520 692 rebus
548 629 583 690 in
604 628 731 691 Italiam
762 626 892 691 Caesari
924 628 1072 706 nuntiatis,

180 753 251 796 cum
273 733 337 796 iam
359 733 496 795 urbanas
525 751 577 794 res
606 731 723 794 virtute
748 729 804 793 On.
827 731 978 814 Pompeii
1001 751 1072 795 eom·

179 834 357 899 modiorem
385 835 419 897 in
448 841 565 898 statum
592 834 777 918 pervenisse
800 835 1020 919 intellegeret,
1046 834 1072 896 111

145 960 157 997 a
179 939 419 1021 Transalpinam
444 939 582 1003 Galliam
603 937 766 1020 profectus
790 943 849 1000 est.
886 958 1004 1021 magna
1025 935 1072 1000 dii-

179 1042 318 1104 fioultate
347 1040 568 1120 adficiebatur,
598 1059 661 1123 qua
689 1040 813 1103 ratione
841 1039 883 1103 ad
908 1041 1070 1104 exercitum

145 1165 157 1203 1
179 1145 346 1228 pervenire
368 1151 494 1227 posset:
518 1164 602 1223 ,nam
625 1143 652 1205 si
674 1143 819 1225 legiones
838 1143 872 1206 in
886 1145 1070 1227 provinciam

179 1253 370 1327 arcesseret,
399 1267 433 1310 se
457 1247 587 1310 absente
616 1246 649 1308 in
670 1245 784 1309 itinere
806 1248 931 1329 proelio
955 1247 1069 1312 dimica·

144 1357 281 1432 sturas3
314 1350 341 1413 si
362 1350 432 1433 ipse
454 1349 496 1413 ad
519 1349 696 1412 exercitum
727 1349 952 1432 contenderet,
980 1371 1020 1414 ne
1038 1349 1069 1412 iis

179 1455 326 1538 quidem,
360 1455 414 1538 qui
451 1454 556 1537 pacati
574 1451 789 1540 riderentur,
822 1473 914 1516 suam
948 1454 1068 1516 salutem

180 1565 266 1621 reete
292 1553 467 1621 committi.‘

145 1689 156 1727 1
243 1661 318 1724 VH.
349 1659 484 1723 Interim
506 1658 672 1723 Lucterius
697 1656 859 1722 Cadurcus
881 1658 916 1721 in
937 1657 1067 1722 Rutenos

144 1765 294 1829 amissus
315 1761 470 1827 Arvernis
502 1763 658 1827 conciliat.
703 1782 891 1846 progressus
920 1763 955 1826 in
978 1762 1067 1826 Nitio-

178 1867 295 1950 broges
327 1873 359 1929 et
394 1866 534 1930 Gabalos
565 1866 605 1929 ab
636 1867 779 1949 utrisque
808 1866 938 1930 obsides
968 1865 1067 1949 accipit

178 1975 210 2031 et
233 1990 348 2053 magna
371 1976 482 2032 coacta
503 1990 598 2032 manu
621 1969 654 2033 in
676 1963 873 2053 provinciam
895 1969 1066 2035 Narbonem

145 2100 157 2137 1
177 2093 288 2135 versus
312 2073 512 2155 eruptionem
534 2072 639 2136 facere
662 2072 835 2137 contendit.
872 2094 937 2157 qua
953 2095 988 2138 re
1002 2093 1067 2139 nun·

177 2177 256 2238 tiata
292 2173 412 2237 Caesar
453 2175 598 2238 omnibus
640 2175 780 2239 consiliis
817 2177 1067 2242 antevertendum

145 2306 159 2343 4
179 2277 388 2340 existimavit:
410 2276 560 2340 timentes
584 2279 756 2360 confirmat,
778 2280 941 2364 praesidia
961 2283 995 2346 in
1014 2280 1068 2344 Ru·

177 2382 260 2444 tenis
282 2381 538 2464 provincialibus,
560 2380 672 2446 Volcis
692 2381 902 2463 Arecomicis,
925 2382 1067 2449 Tolosati-

144 2483 237 2547 sbus
260 2483 440 2565 circumque
463 2483 649 2548 Narbonem
672 2486 851 2567 constituit,
881 2495 1007 2569 partem
1026 2507 1067 2550 oo·

177 2586 302 2668 piarum
325 2606 366 2648 ex
387 2587 553 2669 provincia
575 2589 907 2673 supplementumque,
931 2593 1016 2675 quod
1035 2610 1067 2653 er

177 2687 272 2750 Italia
286 2687 473 2770 adduxerat,
488 2690 521 2752 in
535 2689 682 2772 Helvios,
699 2693 753 2775 qui
767 2693 846 2756 fines
861 2691 1067 2760 Arvernorum

180 2791 377 2872 contingunt,
402 2794 571 2856 convenire
594 2794 692 2862 iubet.

144 2929 156 2967 1
243 2893 336 2957 VIII.
374 2895 435 2957 His
468 2896 563 2959 rebus
594 2917 741 2980 represso
772 2899 836 2962 iam
866 2898 1015 2966 Lucterio
1040 2899 1065 2960 in

144 2997 313 3068 2Helvios
342 2998 560 3079 proficiscitur.
614 3001 674 3063 etsi
703 3022 795 3076 mons
828 3001 995 3087 Cevenna,
1022 3000 1063 3086 qui

177 3099 340 3163 Arvernos
364 3100 402 3163 ab
425 3100 551 3165 Helviis
567 3102 727 3185 discludit,
750 3103 919 3171 durissimo
935 3114 1064 3191 tempore

177 3204 237 3265 iter
259 3204 453 3287 inpediebat,
477 3212 585 3268 tamen
607 3206 751 3270 discussa
772 3208 846 3271 nive
867 3233 898 3272 vr
919 3211 953 3273 in
974 3210 1063 3273 altitu·

178 3304 286 3367 dinem
316 3307 435 3388 pedum
467 3314 560 3389 atque
593 3309 637 3372 ita
668 3310 728 3372 viis
760 3312 928 3395 patefactis
956 3329 1061 3378 summo

177 3408 314 3470 militurn
345 3409 460 3472 sudore
493 3410 533 3473 ad
564 3411 643 3473 fines
674 3411 895 3478 Arvernorum
924 3411 1059 3499 pervenit·
