2332 3892
479 240 500 290 1.
529 241 639 290 13-14.
990 242 1008 302 9
1049 217 1052 223 ’

96 411 279 475 faciendum
320 419 415 492 curat,
444 418 540 496 atque
571 412 616 473 ita
648 411 826 474 exercitum
860 412 1042 475 traducite

95 514 240 578 Helvetii
270 516 437 599 repentino
469 516 537 578 eius
567 513 708 578 adventu
738 514 908 595 commoti,
936 534 1008 576 cum

96 618 145 699 id,
176 619 265 703 quod
288 619 349 702 ipsi
379 619 491 683 diebus
522 643 565 682 xx
588 619 764 700 aegerrime
797 617 1008 698 confecerant,

96 743 159 784 uno
186 722 238 785 die
255 723 393 802 fecisset,
415 723 541 806 legatos
560 723 708 801 mittunt,
733 722 820 784 cuius
837 720 1007 802 legationis

96 824 212 888 Divico
236 826 384 910 princeps
400 826 467 907 fuit,
491 827 545 909 qui
560 825 645 890 bello
666 825 818 889 Cassiano
844 825 911 888 dux
925 825 1006 888 Hel·

95 929 256 991 vetiorum
270 929 383 992 fuerat.
399 930 426 992 is
439 931 485 992 ita
500 951 572 992 cum
589 929 725 993 Caesare
743 930 826 1011 egit:
843 930 879 1008 ,si
894 950 1006 1013 pacem
1028 954 1040 992 a

95 1032 235 1115 populus
257 1031 423 1096 Romanus
446 1035 576 1114 laceret,
607 1033 639 1095 in
663 1053 735 1096 eam
758 1037 883 1114 partem
905 1033 1006 1095 ituros

97 1141 192 1218 atque
216 1136 260 1198 ibi
283 1135 423 1217 futuros,
446 1137 502 1200 ubi
527 1136 645 1200 Caesar
670 1137 888 1200 constituisset
911 1144 1005 1220 atque

97 1258 167 1301 esse
184 1237 354 1319 voluisset3
371 1240 420 1302 sin
435 1240 520 1303 bello
537 1241 687 1324 persequi
702 1248 932 1324 perseveraret,
955 1262 1005 1304 re·
1029 1266 1041 1301 4

96 1339 316 1404 minisceretur
341 1346 372 1404 et
394 1343 511 1406 veteris
528 1343 723 1406 incommodi
739 1344 850 1426 populi
865 1343 1006 1406 Romani

97 1447 129 1504 et
158 1443 311 1525 pristinae
340 1445 466 1506 virtutis
495 1443 731 1507 Helvetiorum.
778 1445 864 1528 quod
887 1447 1041 1529 impio-⁵

96 1545 165 1607 viso
200 1567 297 1609 unum
329 1567 447 1631 pagum
478 1548 609 1611 adortus
640 1556 743 1630 esset,
780 1571 851 1612 cum
881 1549 920 1630 ii,
953 1552 1007 1632 qui

96 1648 216 1712 flumen
231 1652 428 1732 transissent,
445 1651 509 1714 suis
526 1651 680 1714 auxilium
695 1651 778 1715 ferre
790 1659 1006 1734 nonpossent,

96 1772 136 1815 ne
161 1753 201 1815 ob
226 1773 298 1815 eam
319 1773 388 1816 rem
411 1758 465 1816 aut
488 1775 563 1817 suae
594 1773 794 1835 magnopere
820 1753 930 1815 virtuti
952 1754 1005 1816 tri·

98 1854 212 1917 bueret
241 1861 296 1917 aut
325 1855 411 1938 ipsos
442 1854 631 1940 despiceret.
678 1876 712 1919 se
743 1859 788 1918 ita
816 1878 835 1918 a
864 1857 1041 1940 patribuss

97 1958 335 2041 maioribusque
374 1959 438 2022 suis
476 1958 640 2041 didicisse,
678 1966 712 2022 ut
750 1960 852 2042 magis
889 1941 1007 2024 virtute

97 2082 192 2145 quam
232 2061 306 2124 dolo
345 2068 400 2124 aut
437 2063 560 2126 insidiis
593 2065 780 2126 niterentur.
837 2084 934 2146 quare
966 2085 1040 2127 ner

98 2165 330 2247 committeret,
359 2171 395 2228 ut
427 2166 454 2228 is
490 2167 581 2228 locus
614 2187 655 2229 ex
688 2166 866 2228 calamitate
896 2167 1008 2248 populi

98 2268 236 2332 Romani
259 2275 291 2331 et
313 2271 532 2333 internecione
558 2269 718 2334 exercitus
741 2289 860 2332 nomen
879 2274 1008 2351 caperet

98 2377 152 2434 aut
173 2374 363 2436 memoriam
385 2371 560 2456 proderet‘

161 2475 254 2539 XIV.
294 2474 411 2538 Caesar
442 2478 487 2538 ita
516 2476 699 2559 respondit:
734 2497 783 2555 ,eo
814 2474 873 2538 sibi
904 2477 1039 2539 minusr

99 2578 305 2643 dubitationis
330 2580 406 2659 dari,
431 2579 517 2663 quod
542 2601 595 2642 eas
611 2601 672 2661 res,
697 2601 773 2663 quas
796 2579 895 2661 legati
918 2600 1005 2642 com-

99 2688 340 2764 memorassent,
364 2683 520 2745 memoria
535 2688 670 2762 teneret,
695 2687 790 2764 atque
816 2700 854 2743 eo
877 2682 1006 2763 gravius

99 2784 198 2866 ferre,
231 2807 294 2870 quo
329 2787 431 2849 minus
463 2787 577 2850 merito
611 2785 722 2869 populi
752 2783 892 2847 Romani
923 2785 1005 2846 acci-

100 2889 236 2953 dissent:
277 2891 330 2973 qui
368 2891 393 2952 si
431 2890 563 2952 alicuius
595 2890 728 2952 iniuriae
762 2889 820 2951 sibi
861 2888 1040 2952 consciusn

100 2993 225 3074 fuisset,
256 3015 321 3057 non
351 2993 447 3057 fuisse
479 2993 605 3056 difficile
630 3013 759 3072 cavere3
791 2991 848 3055 sed
880 3012 928 3053 eo.
950 2991 1006 3054 de·

100 3104 244 3180 ceptum,
274 3097 362 3180 quod
390 3118 494 3181 neque
530 3099 735 3160 commissum
764 3117 783 3158 a
814 3117 847 3158 se
880 3094 1006 3158 intelle-

101 3204 207 3281 geret,
232 3220 330 3282 quare
358 3201 503 3280 timeret,
534 3220 638 3283 neque
669 3200 737 3261 sine
768 3219 863 3261 causa
892 3199 1006 3261 timen-

101 3301 177 3365 dum
198 3308 337 3386 putaret.
382 3302 469 3386 quod
498 3303 523 3364 si
556 3302 675 3366 veteris
705 3302 918 3365 contumeliae
950 3303 1041 3369 ob-s

101 3391 200 3467 livisci
230 3406 344 3486 vellet,
374 3426 451 3468 num
485 3405 581 3467 etiam
604 3406 780 3468 recentium
810 3405 1005 3485 iniuriarum,

791 3505 851 3557 psa
