2332 3892
437 226 473 275 11.
504 222 613 276 19-20.
944 222 982 282 51

188 345 194 423 l

72 418 192 508 rursusq
214 396 372 482 impetum
403 398 546 463 facerent
579 418 683 480 neque
701 443 705 449 -
722 394 822 459 nostri
857 393 985 474 longius

73 522 169 584 quarn
204 522 299 585 quem
331 502 371 565 ad
407 502 503 566 finem
521 479 609 588 ilooa
641 505 752 583 aperta
781 496 986 581 pertinebant

74 600 228 669 cedentes
243 605 367 689 insequi
390 604 556 685 auderent,
572 604 700 667 interim
720 570 881 719 legiones!
887 620 984 684 opere

76 707 222 772 dimenso
254 715 357 772 castra
384 688 521 809 munire!
564 709 620 772 ubi
641 707 745 792 prima
766 705 987 790 inpedimenta
1007 723 1019 762 c

46 784 58 919 Ι
75 813 114 876 ab
138 812 187 894 iis,
212 781 382 927 quipiabditi
398 813 549 894 latebant,
564 813 633 876 visa
656 817 739 892 sunt,
756 809 843 894 qnod
858 814 985 892 tempus

73 914 231 980 intereos
255 917 478 981 committendi
493 917 609 1001 proelii
626 921 830 995 convenerat,
853 919 889 976 ut
904 913 987 975 intra

75 1019 171 1082 silvas
195 1018 297 1083 aciem
328 1019 519 1103 ordinesque
550 1021 780 1084 constituerant
807 1024 902 1102 atque
925 1016 987 1101 ipsi

77 1144 147 1186 sese
172 1124 450 1205 confirmaverant,
482 1124 587 1187 subito
619 1122 765 1186 omnibus
788 1121 888 1205 copiis
910 1139 986 1203 pro·

76 1226 267 1290 volaverunt
289 1227 508 1310 impetumque
531 1212 712 1323 inlaquites
736 1224 891 1288 fecerunt.
935 1222 985 1286 his
1008 1245 1020 1285 τ

76 1329 169 1392 facile
197 1329 295 1414 pulsis
327 1350 363 1392 ae
392 1329 587 1413 proturbatis
617 1326 798 1392 incredibili
821 1326 986 1391 eeleritate

44 1413 51 1531 J
77 1432 345 1516 decucurrerunt,
376 1440 412 1496 ut
433 1454 536 1517 paene
568 1455 631 1496 uno
656 1439 802 1516 tempore
815 1399 868 1527 ,iad
891 1431 985 1493 silvas
1028 1401 1065 1487 vi

76 1543 108 1600 et
131 1538 165 1599 in
187 1537 316 1601 flumine
328 1525 340 1646 J
347 1536 457 1602 hostes
485 1536 683 1602 viderentur.
729 1535 844 1600 eadem
876 1540 985 1598 autem
1008 1558 1020 1596 o

76 1640 242 1704 celeritate
266 1640 401 1705 adverso
425 1641 507 1706 colle
532 1640 572 1703 ad
586 1612 700 1711 leastra
722 1646 816 1724 atque
842 1659 907 1720 eos,
931 1640 985 1723 qui

76 1744 230 1827 inopere
255 1745 400 1828 occupati
424 1749 523 1825 erant,
548 1744 792 1808 contenderunt.

141 1846 218 1910 XX.
250 1846 378 1911 Caesari
401 1847 508 1910 omnia
523 1867 587 1909 uno
609 1853 755 1930 tempore
775 1851 866 1910 erant
886 1866 984 1929 agen·
1008 1873 1018 1911 1

77 1951 134 2014 da:
158 1951 314 2014 vexillum
335 1951 582 2036 proponendum
598 1926 694 2058 stuba
722 1951 761 2013 ab
786 1970 901 2034 opere,
932 1951 985 2032 qui
1027 1968 1049 2035 '›'

76 2055 172 2138 paulo
211 2054 339 2137 longius
376 2062 615 2138 processerant,
660 2054 859 2134 arcessendi,
901 2054 985 2116 acies
1030 2048 1042 2081 ³

77 2158 280 2239 instruenda,
319 2159 437 2223 milites
481 2159 691 2242 cohortandi,
737 2162 864 2242 signum
907 2158 985 2220 dan-

78 2262 163 2325 dum.
219 2283 353 2346 quarum
395 2285 503 2326 rerum
547 2284 696 2347 magnam
741 2271 865 2348 partem
902 2270 1019 2331 tem-a

77 2365 163 2448 poris
201 2365 340 2429 brevitas
377 2372 410 2429 et
448 2388 612 2431 successus
655 2367 795 2430 hostium
840 2366 984 2450 inpedie·

78 2469 139 2530 bat.
179 2467 229 2530 his
254 2467 492 2532 difficultatibus
524 2469 606 2533 duae
629 2490 681 2533 res
714 2475 805 2534 erant
833 2469 1020 2551 subsidias

79 2571 213 2635 seientia
243 2577 338 2655 atque
368 2593 443 2635 usus
468 2574 620 2654 militum,
652 2573 739 2656 quod
770 2573 985 2657 superioribus

79 2676 209 2759 proeliis
248 2677 430 2758 exercitati,
475 2677 551 2761 quid
593 2677 663 2739 fieri
703 2682 883 2760 oporteret,
920 2696 986 2739 non

80 2781 183 2843 minus
207 2779 375 2844 commode
406 2781 467 2864 ipsi
496 2781 555 2844 sibi
583 2780 802 2865 praescribere
827 2800 922 2863 quam
945 2778 984 2841 ab

81 2884 148 2946 aliis
188 2881 297 2948 doceri
333 2888 483 2966 poterant
520 2889 553 2946 et
590 2882 677 2966 quod
715 2882 754 2945 ab
790 2902 887 2964 opere
920 2883 983 2945 sin-

81 2987 226 3072 gulisque
248 2987 429 3069 legionibus
451 2986 595 3067 singulos
625 2987 750 3067 legatos
776 2985 893 3048 Caesar
920 2985 983 3047 dis-

83 3092 197 3156 cedere
224 3091 286 3153 nisi
309 3089 438 3153 munitis
461 3091 570 3152 castris
595 3094 751 3153 vetuerat.
794 3089 827 3150 hi
853 3095 985 3172 propter
1008 3117 1020 3153 4

83 3193 280 3258 celeritatem
302 3193 442 3256 hostium
464 3191 543 3254 nihil
566 3193 628 3254 iam
647 3192 792 3256 Caesaris
817 3193 985 3276 imperium

85 3298 278 3382 spectabant,
301 3297 358 3361 sed
380 3316 438 3381 per
461 3317 506 3378 se,
530 3316 611 3380 qnae
628 3296 827 3377 videbantur,
851 3295 985 3358 admini-

85 3403 233 3466 strabant.
