2332 3892
164 258 225 320 148
521 257 569 307 vr.
594 257 706 307 or-ss.

160 428 254 491 merit
276 449 317 492 en
338 433 486 513 tempore
510 428 667 509 exclusus,
692 448 763 491 oum
787 427 948 514 reliquum
976 450 1062 495 exer-

124 551 137 591 1
159 532 258 595 eitum
287 530 438 615 subsequi
464 530 625 613 erederet,
657 529 788 593 dubium
810 536 887 616 ost:x
909 538 996 598 oerte
1020 532 1062 596 di-

157 633 264 699 missis
300 632 419 698 nuntiis
463 632 523 696 sibi
562 651 721 717 quemque
760 634 930 699 consulere
967 635 1061 699 iussit.

159 756 294 822 quorum
317 756 390 821 pers
413 736 446 799 in
468 733 677 799 Arduennam
693 735 816 818 silvam,
839 757 914 820 pars
937 738 969 801 in
992 758 1060 802 oon-

124 841 299 905 otinentes
327 838 462 924 paludes
493 837 651 923 profugit3
684 839 738 924 qui
766 841 908 924 proximi
938 842 1059 907 Oceano

158 944 301 1026 fuerunt,
332 943 443 1007 insulis
474 962 545 1006 sese
574 942 829 1026 occultaverunt,
860 965 939 1028 quas
961 950 1060 1010 aestus

123 1066 137 1104 4
159 1048 286 1113 effioere
311 1051 523 1127 consuerunt3
547 1045 640 1109 multi
662 1066 705 1110 ex
726 1047 791 1111 suis
806 1046 924 1112 finibus
948 1049 1059 1131 egressi

124 1168 136 1206 ⁶
159 1172 194 1215 se
217 1171 338 1235 sueque
363 1150 470 1213 omnio
492 1148 695 1214 alienissimis
713 1149 931 1216 erediderunt.
970 1152 1057 1217 Ostu-

159 1254 285 1335 volous,
330 1273 389 1316 rex
433 1251 584 1318 dimidiae
628 1253 727 1336 pertis
763 1253 968 1338 Eburonum,
1013 1255 1057 1340 qui

159 1377 222 1421 una
253 1376 326 1421 oum
356 1355 547 1440 Ambiorige
586 1356 755 1421 eonsilium
793 1357 929 1441 inierat,
960 1364 1055 1424 aetate

158 1460 222 1524 iam
253 1459 418 1525 confectus
450 1480 521 1525 eum
555 1460 700 1524 laborem
732 1461 818 1526 ferre
847 1482 915 1525 non
947 1467 1055 1547 posset,

160 1566 307 1630 omnibus
343 1565 492 1650 precibus
525 1563 700 1630 detestatus
734 1563 976 1650 Ambiorigem,
1012 1565 1055 1651 qui

160 1669 227 1734 eius
251 1669 376 1733 consilii
403 1666 515 1733 'auctor
547 1666 676 1751 fuisset,
709 1672 803 1748 toxo,
832 1669 923 1733 euius
953 1689 1055 1753 magno

158 1772 191 1836 in
230 1771 335 1837 Gallia
372 1770 607 1856 Germaniaque
646 1771 739 1856 eopia
777 1776 845 1855 est,
882 1795 918 1838 so
957 1773 1053 1838 exoni-

159 1877 268 1940 mavit.

123 2011 135 2052 1
222 1979 373 2044 ΧΧΧΙΙ.4
406 1980 504 2065 Segni
534 1979 776 2066 Condrusique,
806 1982 958 2067 quisunt
985 1983 1054 2046 inter

158 2084 326 2148 Eburones
363 2083 606 2169 Treverosque,
652 2085 778 2166 legatos
814 2084 857 2148 ad
896 2085 1053 2152 Caesarem

157 2189 314 2253 miserunt
337 2193 481 2270 oratum,
508 2209 549 2253 ne
572 2208 607 2253 se
629 2188 663 2252 in
684 2189 825 2253 hostium
847 2209 984 2254 numero
1007 2189 1054 2252 du·

159 2296 246 2355 oeret
281 2311 364 2354 neve
404 2291 545 2355 omnium
584 2289 820 2355 Germanorum
859 2313 959 2356 unam
996 2309 1054 2356 esse

157 2414 285 2459 eausam
314 2393 489 2458 iudicaret:
522 2394 612 2475 ,nihil
640 2415 676 2458 se
709 2394 748 2459 de
780 2395 866 2460 bello
898 2397 1055 2480 cogitasse,

122 2496 245 2566 2nulle
265 2495 447 2580 Ambiorigi
470 2496 589 2560 auxilia
618 2495 765 2564 misisse.‘
811 2498 932 2564 Caesar
955 2500 1055 2585 explo·

157 2603 243 2680 roto,
274 2599 356 2684 siqui
388 2599 429 2664 ed
459 2620 515 2664 eos
538 2601 707 2666 Eburones
736 2623 778 2667 ex
799 2601 877 2685 fuge
899 2603 1056 2670 convenis·

122 2706 250 2782 ssent,
284 2701 325 2765 od
359 2723 393 2767 se
420 2707 456 2766 ut
487 2703 734 2787 reducerentur,
766 2706 948 2790 imperavit.
999 2711 1058 2770 tum

158 2804 258 2888 oopiis
282 2806 315 2868 in
336 2809 402 2870 tres
424 2811 533 2890 portes
557 2807 732 2871 distributis
754 2807 977 2892 inpedimenta
998 2828 1058 2873 om·

122 2937 135 2975 r
157 2907 246 2970 nium
274 2907 440 2990 legionum
461 2908 668 2973 Aduatuoom
697 2911 852 2975 eontulit·
885 2910 1058 2977 hunorum

157 3010 288 3093 reliquis
310 3011 406 3075 rebus
429 3012 536 3077 locum
557 3015 674 3097 probat
688 3021 757 3079 tum
775 3014 876 3101 (quod
891 3015 1058 3102 superioris

158 3115 231 3177 anni
252 3114 446 3179 munitiones
476 3115 622 3200 integrae
653 3117 838 3200 manebant)
868 3125 905 3182 ut
930 3120 1057 3184 militum

156 3217 299 3282 laborem
332 3217 524 3284 sublevaret.
569 3221 730 3304 praesidio
757 3220 988 3306 inpedimentis
1017 3223 1056 3284 le·

157 3320 287 3403 gionem
303 3327 447 3405 quartam
460 3321 617 3387 decimam
629 3325 766 3410 reliquit,
782 3346 879 3389 unam
895 3346 938 3391 ex
953 3325 1055 3402 tribus,

158 3444 234 3506 quas
265 3425 413 3507 proxime
442 3426 635 3510 conscriptas
665 3448 708 3491 ex
736 3428 831 3492 Italis
858 3428 1053 3494 traduxerat:
