2332 3892
152 183 222 290 '³48
544 226 580 278 11.
610 228 719 278 rs-rs.

83 432 89 442 ·
181 399 327 464 manibus
364 420 422 464 suo
451 420 541 464 more
572 421 686 484 pacem
723 399 761 462 ab
800 397 953 462 Romanis
986 399 1091 482 petie·

184 509 269 568 runt.
1117 498 1120 503 ’

148 617 159 653 1
247 606 338 672 XIV.
362 608 426 671 Pro
448 607 498 670 his
513 606 691 671 Divitiacus
714 603 803 688 (nam
826 612 900 689 post
916 604 1093 668 discessum

182 710 356 795 Belgarum
384 710 519 774 dimissis
549 711 739 776 Aeduorum
770 711 870 795 copiis
898 709 1091 790 reverterat)

148 816 259 879 2facit
292 815 408 879 verba:
443 814 645 897 ,Bellovacos
680 814 766 877 omni
794 820 940 896 tempore
972 813 1005 875 in
1027 812 1091 876 fide

147 942 161 981 s
182 926 278 1004 atque
294 886 564 1048 amicitiasfuissm
587 919 732 1003 inpulsos
748 918 787 981 ab
804 918 868 980 suis
884 916 1091 1001 principibus,

183 1023 238 1107 qui
261 1022 406 1086 dicerent
434 1020 569 1086 Aeduos
597 1022 636 1085 ab
670 1021 806 1085 Caesare
836 1022 870 1083 in
904 1021 1092 1085 servitutem

181 1110 343 1232 redactos(
352 1125 559 1208 indignitates
582 1124 854 1208 contumeliasque
877 1124 1035 1207 perferre,
1059 1129 1094 1187 et

183 1230 223 1293 ab
248 1228 370 1292 Aeduis
400 1228 554 1293 defecisse
585 1234 618 1291 et
648 1227 769 1313 populo
799 1227 945 1290 Romano
970 1226 1092 1290 bellum

149 1333 339 1396 sintulisse.
396 1334 450 1416 qui
466 1329 608 1414 [consilii
639 1331 798 1416 principes
821 1331 969 1412 fuissent,
1002 1329 1092 1413 quod

184 1436 426 1519 intellegerent,
452 1441 602 1520 quantam
625 1435 839 1498 calamitatem
862 1434 983 1498 civitati
1006 1433 1092 1496 intu-

151 1540 309 1621 clissent,
342 1539 375 1601 in
406 1539 605 1602 Britanniam
637 1539 826 1622 profugisse.
882 1543 994 1622 petere
1027 1556 1093 1599 non

183 1643 287 1706 solum
310 1641 502 1706 Bellovacos
525 1641 582 1705 sed
606 1642 702 1706 etiam
728 1662 787 1726 pro
817 1641 866 1705 his
889 1639 1041 1720 Aeduos,
1056 1637 1118 1734 ut[

78 1793 84 1800 .
150 1745 355 1810 colementis
377 1765 414 1807 ac
436 1744 680 1809 mansuetudine
703 1745 735 1808 in
764 1766 820 1809 eos
842 1750 960 1808 utatur.
1005 1744 1093 1828 quod
1122 1781 1124 1784 ·

76 1863 84 1871 ‘
183 1851 211 1914 si
241 1848 363 1929 fecerit,
395 1848 586 1911 Aeduorum
618 1848 842 1912 auctoritatem
869 1846 954 1932 apud
979 1867 1091 1910 omnes

182 1953 302 2036 Belgas
320 1952 599 2037 amplificaturum,
617 1973 752 2036 quorum
762 1951 888 2014 auxiliis
907 1955 1002 2034 atque
1022 1950 1092 2034 opi-

183 2056 253 2138 bus,
276 2056 367 2139 siqua
387 2055 473 2118 bella
493 2055 672 2137 inciderint,
696 2060 874 2118 sustentare
898 2055 1092 2118 consuerint.

149 2187 162 2228 1
247 2157 322 2223 XV.
353 2156 472 2222 Caesar
483 2158 614 2222 honoris
629 2158 779 2222 Divitiaci
792 2163 887 2241 atque
901 2155 1092 2220 Aeduorum

184 2283 279 2327 causa
293 2283 363 2327 sose
387 2283 443 2326 eos
465 2262 498 2324 in
519 2262 616 2326 fidem
638 2267 842 2347 recepturum
866 2267 898 2325 et
921 2278 1092 2324 conserva·

182 2372 289 2430 turum
308 2366 407 2446 dixit3
431 2365 517 2448 quod
534 2372 603 2429 erat
616 2367 725 2430 civitas
744 2386 860 2448 magna
875 2365 958 2428 inter
973 2365 1092 2447 Belgas

184 2468 372 2532 auctoritate
390 2472 484 2552 atque
500 2468 703 2531 multitudine
719 2469 911 2552 praestabat,
927 2473 1091 2532 sescentos

148 2598 161 2638 a
184 2570 312 2635 obsides
333 2570 489 2655 poposcit.
534 2571 583 2634 his
606 2571 730 2635 traditis
753 2573 963 2656 omnibusque
995 2542 1141 2669 armisi-

182 2676 216 2738 in
246 2675 325 2739 fines
359 2673 592 2738 Ambianorum
625 2676 788 2758 pervenit,
821 2677 874 2760 qui
906 2696 940 2738 se
970 2696 1091 2759 suaque

42 2786 46 2790 ’
148 2777 291 2844 somnia
313 2777 487 2841 sinemora
506 2776 709 2841 dediderunt.
755 2799 867 2842 eorum
881 2778 960 2841 fines
976 2778 1089 2842 Nervii

183 2878 397 2964 attingebant3
426 2901 561 2964 quorum
590 2880 630 2944 de
653 2887 767 2944 natura
789 2881 994 2965 moribusque
1018 2903 1090 2945 cum

148 3015 161 3050 4
183 2992 360 3070 quaereret,
383 2985 427 3048 sic
449 2985 646 3069 reperiebat:
671 2987 803 3067 ,nullum
825 2973 1089 3092 aditumlmerca·

181 3088 320 3170 toribus;
330 3087 409 3152 nihil
418 3089 485 3173 pati
496 3089 560 3152 vini
571 3088 840 3184 delicatarumque
851 3108 957 3151 rerum
969 3087 1088 3169 inferri,

183 3191 270 3277 quod
284 3193 322 3255 iis
336 3192 431 3255 rebus
445 3176 692 3275 relanguescere
714 3166 1088 3284 animoslraxistimarenm
1138 3241 1144 3285 ,

149 3320 160 3357 a
183 3315 253 3358 esse
276 3294 423 3358 homines
445 3293 548 3375 feros,
571 3275 713 3378 magnaei,
734 3295 873 3376 virtutis,
896 3295 1087 3377 increpitare
1137 3288 1157 3392 ⁴¹,

184 3402 279 3481 atque
309 3399 454 3461 incusare
484 3397 624 3482 reliquos
653 3397 790 3480 Belgas,
823 3397 877 3480 qui
905 3417 939 3460 se
967 3398 1087 3480 populo
