2332 3892
451 213 529 264 VIII.
558 211 705 278 praefi-2.
974 209 1036 274 207

113 407 218 473 quam
241 386 335 451 facile
353 392 448 472 atque
466 385 615 450 celeriter
632 405 688 450 eos
704 385 886 469 perfecerit,
910 385 1037 448 scimus.

115 498 191 559 erat
214 496 325 556 autem
355 492 387 555 in
419 490 557 556 Caesare
589 511 662 554 cum
689 489 822 554 facultas
852 496 948 574 atque
973 489 1076 553 ele-r

117 597 236 682 gantia
258 617 385 661 summa
412 594 590 677 scribendi,
622 601 690 659 tum
713 596 879 660 verissima
907 596 1042 659 scientia

119 723 260 766 suorum
294 701 502 766 consiliorum
533 699 808 785 explicandorum.
855 699 934 764 mihi
965 717 1079 763 numo

122 806 260 890 accidit,
283 811 320 869 ut
341 804 565 869 Alexandrino
588 810 684 890 atque
707 803 859 868 Africano
882 804 969 869 bello
994 804 1042 866 in-
1117 845 1119 855 ·

123 911 311 976 teressem?
342 929 423 993 quae
446 908 532 973 bella
555 929 749 992 quamquam
772 913 928 992 exparte
950 909 1043 973 nobis

125 1015 276 1080 Caesaris
297 1034 446 1078 sermone
469 1018 543 1078 sunt
558 1018 645 1094 nota,
671 1018 780 1098 tamen
803 1013 896 1076 aliter
919 1013 1043 1079 adimus

127 1141 188 1203 ea,
225 1140 307 1203 quae
341 1139 449 1184 rerum
476 1118 618 1184 novitate
651 1123 706 1206 aut
741 1116 953 1182 admiratione
985 1138 1045 1183 nos

127 1225 270 1310 capiunt,
293 1224 396 1307 aliter,
412 1244 494 1308 quae
510 1243 569 1308 pro
586 1222 772 1286 testimonio
790 1242 900 1285 sumus
917 1221 1043 1287 dicturi.

127 1327 188 1394 sed
212 1349 275 1412 ego
299 1328 460 1411 nimirum,
486 1327 563 1391 dum
592 1348 704 1392 omnes
731 1327 947 1391 excusationis
971 1344 1081 1391 cau-9

127 1454 181 1498 sas
205 1432 343 1516 colligo,
375 1453 415 1496 ne
441 1451 513 1495 cum
538 1431 677 1496 Caesare
700 1430 862 1514 conferar,
889 1430 953 1495 hoo
975 1431 1045 1516 ipso

130 1537 255 1603 crimen
278 1538 482 1622 arrogantiae
499 1537 610 1619 subeo,
635 1534 723 1621 quod
737 1556 789 1599 me
805 1533 923 1599 iudicio
941 1535 1046 1601 cuius-

130 1663 230 1729 quam
258 1641 443 1706 existimem
469 1661 564 1726 posse
596 1661 669 1704 oum
693 1637 832 1704 Caesare
857 1642 1046 1724 comparari.

197 1745 225 1811 Ι.
261 1745 358 1810 Omni
388 1745 494 1809 Gallia
526 1743 654 1809 devicta
685 1743 805 1808 Caesar
838 1764 911 1807 cum
942 1765 962 1807 a
994 1766 1080 1809 su-1

131 1851 262 1937 periore
301 1854 424 1914 aestate
459 1849 584 1913 nullum
614 1847 757 1913 bellandi
789 1852 915 1932 tempus
948 1849 1047 1914 inter·

130 1954 274 2020 misisset
295 1954 479 2039 militesque
501 1954 712 2018 hibernorum
741 1953 850 2037 quiete
873 1952 1006 2018 reficere
1031 1976 1050 2018 a

129 2059 229 2125 tantis
250 2057 416 2123 laboribus
431 2059 542 2142 vellet,
567 2058 748 2143 complures
768 2057 886 2122 eodem
901 2062 1048 2143 tempore

131 2163 280 2228 ciuitates
322 2182 480 2227 renovare
523 2162 601 2227 belli
647 2162 779 2225 consilia
821 2162 1050 2226 nuntiabantur

131 2266 436 2350 coniurationesque
481 2265 599 2330 facere.
654 2265 743 2330 euius
783 2266 831 2329 rei
868 2265 1085 2330 verisimiliso

131 2390 231 2436 causa
252 2368 468 2451 auferebatur,
491 2368 580 2453 quod
603 2370 751 2434 omnibus
775 2372 941 2454 cognitum
964 2377 1050 2437 esset

130 2494 249 2560 ,neque
283 2473 351 2537 ulla
372 2472 578 2538 multitudine
608 2473 640 2536 in
670 2494 770 2537 uuum
800 2474 908 2539 locum
938 2480 1051 2539 coacta

129 2577 239 2644 resisti
254 2597 351 2662 posse
363 2597 434 2660 nec,
452 2578 479 2641 si
496 2576 623 2643 diversa
633 2577 719 2642 bella
732 2579 914 2663 complures
933 2579 1050 2644 eodem

131 2686 283 2768 tempore
318 2681 501 2748 intulissent
539 2683 703 2764 civitates,
736 2683 813 2747 satis
846 2684 959 2747 auxilii
996 2690 1051 2748 aut

131 2784 228 2870 spatii
245 2783 421 2849 Caesarem
435 2785 621 2850 habiturum
634 2785 675 2849 ad
689 2787 797 2850 omnia
807 2788 1049 2873 persequenda3

131 2909 197 2953 non
221 2907 294 2953 esse
324 2894 432 2954 autem
455 2895 577 2954 sortem
606 2889 805 2954 incommodi
827 2891 1049 2976 recusandam,
1073 2919 1086 2956 a

133 2992 160 3056 si
180 2991 239 3056 tali
262 2991 387 3057 ratione
401 2999 536 3078 possent
551 3014 585 3059 se
600 2994 766 3059 vindicare
788 2996 821 3059 in
843 2993 1049 3060 libertatem‘.

197 3093 244 3159 Π.
286 3093 377 3170 Quae
415 3117 456 3161 ne
492 3097 601 3181 opinio
635 3097 897 3181 confirmaretur,
931 3099 1086 3165 Caesar1

136 3196 178 3261 Μ.
194 3198 377 3265 Antonium
400 3208 605 3286 quaestorem
628 3204 693 3267 suis
715 3204 872 3288 praefecit
889 3205 1050 3287 hibernis;

136 3301 203 3386 ipse
226 3304 373 3388 equitum
403 3305 565 3390 praesidio
595 3307 699 3392 pridie
722 3306 795 3372 Kal.
819 3307 984 3373 Ianuarias
1008 3312 1047 3375 ab

139 3405 254 3491 oppido
287 3407 439 3474 Bibracte
469 3408 680 3494 proficiscitur
712 3410 754 3473 ad
781 3411 948 3497 legionem
972 3438 1047 3496 xm,
