2332 3892
180 246 242 312 154
535 247 583 297 v1.
612 249 723 298 42-44.

179 421 332 505 amplius,
365 419 452 504 quod
489 439 591 504 paene
623 421 662 484 ab
695 420 763 504 ipso
799 423 885 486 vallo
923 424 1075 508 portisque

144 544 157 583 a
179 531 355 590 castrorum
377 523 529 587 barbaros
552 524 740 607 avertisset,
764 525 905 590 maxime
928 527 1076 592 admiran-

179 629 271 709 dum,
302 626 389 713 quod
420 625 589 710 Germani,
621 629 676 713 qui
705 649 743 692 eo
773 630 906 693 oonsilio
936 629 1077 695 Rhenum
1145 662 1146 671 ¹

177 732 387 811 transierant,
416 735 453 793 ut
474 729 671 813 Ambiorigis
700 731 780 795 fines
805 731 1076 817 depopularentur,
1141 800 1144 805 ,

79 882 81 909 ᾗ
178 835 219 899 ad
243 841 346 899 eastra
367 834 590 897 Romanorum
613 832 726 916 delati,
751 835 985 918 optatissimum
1007 836 1076 900 Am·

78 1007 80 1023 Ι
177 939 295 1021 biorigi
317 938 518 1002 beneficium.

142 1067 154 1106 1
241 1041 364 1110 XLIII.
405 1039 524 1104 Caesar
558 1060 667 1104 rursus
700 1039 741 1103 ad
775 1041 943 1105 vexandos
977 1043 1078 1107 hostes

176 1165 292 1228 magno
318 1150 429 1208 ooaoto
453 1164 587 1207 numero
619 1143 653 1206 in
678 1162 790 1207 omnes
811 1149 919 1227 partes
946 1143 1077 1209 dimittit

141 1249 238 1314 avioi
261 1255 356 1334 atque
386 1248 532 1313 aedificia
560 1245 828 1328 incendebantur3
858 1248 982 1332 praeda
1009 1269 1078 1333 ago·

140 1378 154 1419 a
175 1351 282 1432 batur3
300 1351 460 1415 frumenta
473 1350 782 1414 nonsolumatanta
793 1351 1079 1418 multitudineoon·

175 1454 401 1536 sumebantur,
423 1453 481 1517 sed
503 1459 651 1538 tempore
674 1458 769 1538 atque
792 1454 948 1519 imbribus
969 1476 1080 1540 proau-

174 1556 319 1638 buerant,
343 1563 391 1639 ut,
410 1557 492 1642 siqui
516 1558 614 1622 etiam
628 1557 661 1620 in
676 1559 857 1641 praesentia
872 1579 906 1623 so
928 1561 1085 1625 oooultas·

176 1666 256 1743 sent,
282 1667 390 1725 temen
415 1660 553 1725 deducto
579 1661 724 1724 exercitu
752 1661 861 1746 inopia
881 1663 1084 1746 pereundum

119 1762 349 1832 irrideretur.
383 1784 419 1826 ao
435 1784 530 1847 saepe
553 1764 586 1827 in
610 1784 682 1827 eum
697 1764 805 1829 looum
820 1771 952 1830 ventum
969 1773 1028 1850 est,
1050 1771 1097 1831 ut

177 1869 298 1931 infinito
321 1867 431 1932 labore
455 1874 615 1952 suscepto,
639 1869 693 1952 qui
715 1889 750 1933 se
766 1891 923 1934 summam
945 1873 1094 1955 gratiam

175 1970 311 2033 inituros
326 1974 486 2053 putarent,
502 1990 605 2053 paene
621 1975 767 2035 naturam
783 1971 889 2036 studio
905 1974 1113 2040 vincerent-

139 2099 152 2142 ι
239 2073 360 2137 XLIV.
391 2073 460 2137 Tali
485 2071 581 2137 modo
612 2075 743 2138 vastatis
773 2075 960 2158 regionibus
989 2098 1127 2143 exera

176 2177 273 2242 eitum
298 2177 416 2241 Caesar
448 2176 582 2239 duarum
615 2177 796 2240 cohortium
828 2177 944 2243 damno
975 2180 1070 2245 Duro
1084 2206 1133 2224 α

175 2287 297 2345 oortum
337 2281 514 2344 Remorum
553 2279 679 2344 reduoit
712 2282 913 2367 eonoilioque
944 2284 978 2347 in
1012 2294 1138 2349 eustJ

173 2385 281 2449 looum
303 2384 423 2448 indicto
449 2382 490 2447 de
519 2384 737 2450 coniuratione
760 2386 924 2450 Senonum
948 2394 982 2452 et
1007 2389 1105 2453 Oar‘
1125 2413 1142 2426 ·

139 2518 152 2558 2
173 2494 285 2552 nutum
309 2488 529 2572 quaestionem
561 2487 698 2552 instituit
728 2494 760 2552 et
785 2488 825 2552 de
847 2489 1000 2573 Aooone,
1031 2477 1144 2576 qr,i

173 2591 321 2675 princeps
345 2590 413 2654 eius
437 2590 561 2653 eonsilii
590 2591 712 2674 fuerat,
741 2593 890 2675 graviore
922 2597 1148 2659 sentent&

172 2694 375 2778 pronuntiata
407 2713 497 2756 more
527 2693 684 2757 maiorum
714 2695 906 2780 supplicium
937 2690 1145 2782 sumpsi*

137 2796 317 2864 anonnulli
355 2795 507 2860 iudieium
552 2797 647 2859 veriti
691 2797 912 2880 profugerunt.
967 2800 1144 2884 quibas

173 2920 244 2964 oum
268 2920 349 2984 aqua
371 2905 466 2983 atque
490 2898 557 2981 igni
579 2897 808 2981 interdixisset,
833 2900 912 2965 duas
934 2901 1139 2985 legiones

172 3002 212 3066 ad
228 3003 306 3065 fines
322 3002 546 3082 Treverorum,
570 3000 648 3064 duas
663 3001 697 3065 in
712 3000 919 3086 Lingonibus,
941 3004 1133 3090 reliques

170 3106 204 3168 in
226 3105 388 3169 Senonum
411 3105 525 3169 finibus
546 3103 708 3187 Agedinci
737 3107 917 3191 oonlooauit
938 3106 1122 3172 frumen·

170 3214 268 3292 toque
293 3209 449 3272 exereitui
471 3207 612 3292 proviso,
635 3213 671 3270 ut
691 3207 882 3292 instituerat,
904 3209 939 3275 in
952 3210 1112 3275 Italiun

122 3362 126 3375 „
170 3311 211 3373 ad
235 3317 411 3375 conventus
433 3309 577 3394 agendos
600 3309 763 3394 profectus
785 3318 844 3376 est.

519 3444 725 3454 ᾑ-
