2332 3892
201 217 264 278 114
564 215 599 265 v.
628 216 739 264 ao-sr.

200 386 357 452 Ariovisti
379 392 516 452 mortem
540 392 573 450 et
595 387 776 470 superiores
798 392 924 450 nostras
943 385 1112 468 victorias3

165 489 312 556 oardere
337 492 476 557 Galliam
497 495 546 553 tot
570 491 771 554 contumeliis
795 490 934 574 acceptis
965 490 1036 564 sub,
1054 511 1113 573 po·

198 594 267 678 puli
288 593 429 658 Romani
444 592 616 677 imperium
636 590 800 656 redactam
824 592 988 676 superiore
1009 593 1115 676 gloria
1144 576 1150 590 ⁸

198 697 246 760 rei
274 698 421 761 militaris
452 696 619 760 exstincta.
665 702 828 779 postremo
857 695 927 777 quis
956 696 1020 759 hoc
1051 695 1113 759 sibi

164 822 177 862 s
199 798 424 884 persuaderet,
456 800 525 863 sine
550 806 694 863 certare
716 797 941 882 Ambiorigem
963 798 1006 862 ad
1029 799 1114 863 eius-

198 902 289 967 modi
317 903 487 966 consilium
520 900 750 966 descendisse?
797 923 887 965 suam
918 904 1113 967 sententiam

198 1007 233 1071 in
254 1011 420 1090 utramque
440 1012 566 1090 partem
582 1025 652 1070 esse
667 1012 786 1070 tutam:
811 1006 838 1069 si
852 1006 933 1070 nihil
949 1007 1000 1089 sit,
1011 1008 1112 1084 ,nullo

201 1130 272 1173 curn
303 1110 446 1194 periculo
478 1109 520 1173 ad
550 1109 733 1192 proximam
772 1109 936 1192 legionem
975 1129 1115 1192 perven-

165 1220 302 1294 sturos3
327 1213 355 1275 si
380 1213 487 1277 Gallia
510 1213 613 1277 omnis
637 1232 709 1275 cum
729 1211 898 1275 Germanis
923 1213 1114 1295 consentiat,

198 1339 296 1381 unam
319 1338 389 1381 esse
412 1318 446 1380 in
469 1317 631 1381 celeritate
655 1316 795 1399 positam
817 1315 962 1378 salutem.
996 1314 1113 1379 Cottae

199 1418 330 1502 quidem
354 1424 448 1502 atque
473 1438 594 1500 eorum,
617 1419 671 1502 qui
695 1417 918 1494 dissentirent,
943 1418 1114 1481 consilium

199 1542 295 1606 quem
317 1522 436 1585 habere
461 1522 605 1585 exitum?
644 1522 678 1584 in
701 1541 764 1605 quo
789 1522 830 1584 sit
852 1541 1004 1604 praesens
1027 1523 1114 1605 peri·

200 1627 325 1708 culum,
371 1631 404 1690 at
449 1632 535 1690 certe
578 1625 754 1708 longinqua
799 1624 966 1689 obsidione
1010 1625 1115 1690 fames

198 1725 364 1793 timenda‘

165 1858 178 1899 1
264 1831 372 1896 XXX.
406 1832 479 1896 Hac
501 1833 534 1896 in
556 1839 723 1916 utramque
746 1839 872 1916 partem
894 1830 1113 1916 disputatione

199 1936 325 2018 habita,
356 1956 428 2000 cum
451 1956 470 1999 a
494 1934 590 1999 Cotta
611 1935 785 2018 primisque
809 1936 973 2000 ordinibus
996 1937 1115 2001 acriter

200 2040 412 2121 resisteretur,
435 2038 574 2121 ,vincite
598 2038 626 2101 si
647 2039 693 2101 ita
714 2034 831 2119 vultis,‘
855 2037 991 2102 Sabinus
1014 2036 1063 2119 (et
1078 2038 1113 2103 id

201 2143 335 2208 clariore
358 2163 455 2224 voce,
478 2148 514 2206 ut
533 2163 650 2224 magna
671 2163 745 2225 pars
768 2142 905 2206 militum
928 2141 1113 2223 exaudiret)

166 2267 314 2331 speque
345 2247 373 2310 is
396 2267 484 2328 sum,
517 2246 571 2329 qui
592 2246 800 2329 gravissimae
830 2247 942 2310 mortis
964 2247 1111 2330 periculo

201 2359 337 2414 terrear:
366 2349 401 2412 hi
424 2348 565 2430 sapient3
599 2347 703 2430 siquid
727 2346 894 2430 acciderit,
926 2348 982 2412 abs
1006 2356 1038 2412 te
1062 2372 1113 2415 ra-

166 2478 180 2518 s
201 2453 323 2518 tionem
350 2456 537 2534 reposcent;
569 2449 639 2532 qui,
670 2451 696 2513 si
720 2471 779 2534 per
802 2457 834 2515 te
860 2451 973 2534 liceat,
996 2472 1113 2537 peren·

202 2555 277 2619 dino
308 2553 360 2619 die
391 2574 463 2618 oum
484 2554 641 2636 proximis
666 2555 809 2619 hibernis
833 2556 995 2620 coniuncti
1024 2544 1113 2623 com*-

201 2679 330 2723 munem
355 2679 427 2722 oum
448 2660 580 2742 reliquis
602 2660 680 2724 belli
704 2681 813 2724 casum
837 2659 1029 2743 sustineant,
1061 2683 1112 2727 re-

147 2799 150 2805 -
200 2762 301 2845 legati
330 2761 428 2844 longe
457 2761 497 2825 ab
528 2763 643 2827 ceteris
673 2770 727 2828 aut
755 2765 840 2827 ferro
871 2769 925 2826 aut
955 2763 1039 2828 fame
1063 2767 1112 2830 in-

169 2936 172 2941 ,
200 2861 346 2930 tereant.‘

141 2992 178 3034 r
265 2967 392 3033 XXXI.
428 2968 637 3054 Consurgitur
660 2990 702 3034 ex
725 2969 876 3050 oonsili03
901 2971 1111 3054 comprehen-

202 3072 281 3138 dunt
302 3081 471 3158 utrumque
495 3081 527 3139 et
551 3083 655 3158 orant,
686 3095 728 3139 ne
759 3074 1015 3138 dissensioneet
1036 3098 1111 3160 per·

167 3201 180 3240 a
200 3177 318 3242 tinacia
338 3198 409 3242 rem
429 3178 463 3242 in
485 3179 662 3262 periculum
683 3179 859 3243 deducant:
883 3177 1021 3259 ,facilem
1038 3200 1109 3245 esse

200 3300 285 3362 rem,
317 3300 374 3345 seu
405 3288 555 3345 maneant
586 3303 642 3346 seu
664 3284 920 3367 proficiscantur,
954 3282 981 3345 si
1010 3284 1109 3349 modo

200 3404 300 3446 unum
323 3403 434 3447 omnes
457 3385 596 3448 sentiant
618 3407 654 3450 ac
676 3387 828 3470 probent3
856 3390 966 3448 contra
987 3388 1109 3453 nullam
