2332 3892
466 232 543 283 vui.
573 233 684 282 10—12.
968 230 1035 294 213

115 405 349 488 ficiscendum,
375 404 481 489 parvis
511 403 611 489 copiis
639 410 742 467 castra
764 404 942 468 munitione
966 403 1036 487 ipsa

117 533 217 598 posse
251 509 390 574 defendi.
434 509 563 574 interim
593 508 706 574 crebro
735 509 845 594 paucis
874 509 1074 592 utrimque²
1136 565 1140 577 ,

118 614 386 702 procurrentibus
408 614 493 677 inter
514 612 590 677 bina
613 620 716 678 castra
734 614 853 698 palude
869 613 1039 677 interiecta

121 718 396 800 contendebatur3
428 739 525 803 quam
553 724 661 782 tamen
692 717 846 803 paludem
877 737 1038 781 nonnum-

120 847 219 911 quam
242 829 353 888 nostra
375 823 494 887 auxilia
516 823 692 887 transibant
708 823 874 907 aeriusque
890 823 1039 906 inseque-

120 930 249 1011 bantur,
272 928 413 991 vicissim
435 927 545 992 hostes
560 927 751 1010 transgressi
768 932 897 991 nostros
912 926 1040 1009 longius

122 1033 369 1100 submovebant.
415 1031 582 1097 accidebat
611 1039 720 1097 autem
748 1031 916 1098 cotidianis
939 1032 1079 1116 pabu-3

122 1138 298 1202 lotionibus
329 1135 376 1217 (id
399 1135 487 1220 quod
516 1136 662 1201 accidere
685 1157 834 1219 necesse,
866 1158 939 1202 oum
961 1136 1042 1199 raris

125 1241 332 1325 disiectisque
357 1262 398 1305 cx
421 1239 573 1307 aedificiis
595 1241 748 1326 pabulum
775 1237 1042 1325 conquireretur),

122 1353 159 1411 ut
190 1345 344 1431 inpeditis
380 1346 460 1410 loeis
500 1346 634 1430 dispersi
670 1345 875 1431 pabulatores
908 1345 1041 1408 circum-

124 1451 331 1532 venirentur3
355 1471 522 1536 quaeres,
547 1451 608 1515 etsi
628 1448 794 1514 mediocre
811 1448 1043 1514 detrimentum
1068 1466 1083 1503 4

125 1556 346 1620 iumentorum
362 1575 399 1618 ao
414 1574 581 1620 servorum
597 1553 715 1617 nostris
734 1551 911 1636 adferebat,
934 1557 1044 1616 tamen

126 1661 242 1726 stultas
258 1660 472 1744 cogitationes
488 1658 640 1723 incitabat
655 1664 752 1743 atque
769 1679 808 1722 eo
825 1658 937 1743 magis,
957 1655 1046 1741 quod

129 1765 307 1847 Commius,
332 1785 428 1848 quem
450 1763 632 1848 profectum
655 1762 697 1857 ad
720 1762 840 1827 auxilia
864 1761 1044 1826 Germano·

127 1891 199 1934 rum
230 1867 421 1933 arcessenda
452 1867 563 1948 docui,
595 1889 667 1932 eum
705 1867 865 1950 equitibus
901 1871 1046 1946 venerat,

127 1974 258 2039 tametsi
280 1992 415 2037 numero
438 1993 505 2036 non
528 1972 663 2058 amplius
687 1977 779 2036 erant
802 1971 979 2056 quingenti.

195 2076 258 2142 XI.
292 2076 426 2159 Cacsar,
452 2099 524 2141 oum
547 2077 688 2141 animum
711 2075 896 2142 adverteret
918 2075 1046 2140 hostem
1069 2093 1083 2129 1

129 2182 314 2267 complures
354 2180 424 2246 dies
462 2181 573 2245 castris
613 2180 731 2266 palude
771 2185 804 2244 et
838 2179 903 2245 loci
933 2183 1048 2241 natura

128 2286 263 2351 munitis
286 2305 319 2349 se
342 2289 454 2351 tenere
477 2305 582 2370 neque
608 2284 789 2369 oppugnari
808 2289 912 2349 eastra
934 2302 1047 2346 eorum

130 2391 199 2455 sine
225 2388 431 2453 dimicatione
454 2389 637 2474 perniciosa
658 2410 719 2454 nec
737 2389 845 2452 locum
860 2386 1048 2453 munitioni-

128 2495 190 2559 bus
215 2491 322 2557 olaudi
344 2493 405 2556 nisi
428 2513 446 2556 a
469 2493 590 2558 maiore
614 2493 761 2557 exercitu
782 2513 896 2577 posse,
925 2491 1049 2555 litteras

131 2598 174 2665 ad
197 2598 395 2663 Trebonium
417 2597 525 2681 mittit,
548 2603 592 2679 ut,
617 2619 713 2682 quam
736 2597 904 2662 celerrime
927 2599 1049 2680 posset,

130 2703 298 2787 legionem
319 2725 394 2784 xm,
418 2722 501 2785 quae
525 2722 598 2765 aum
620 2700 657 2763 Τ.
674 2700 787 2764 Sextio
811 2700 920 2785 legato
945 2698 977 2761 in
993 2698 1050 2761 Bi·

131 2801 291 2893 turigibus
322 2805 504 2886 hiemabat,
544 2810 723 2869 arcesseret
760 2809 856 2888 atque
894 2803 939 2866 ita
976 2823 1049 2866 oum

131 2913 234 2977 tribus
257 2911 440 2996 legionibus
463 2910 587 2994 magnis
610 2908 777 2974 itineribus
800 2906 840 2973 ad
857 2929 891 2972 se
907 2907 1050 2987 veniret3

133 3017 203 3102 ipse
237 3015 361 3100 equites
390 3005 425 3078 in
454 3014 560 3079 vicem
588 3014 767 3078 Remorum
797 3033 834 3076 ae
865 3012 1087 3094 Lingonuma

133 3120 395 3205 reliquarumque
417 3117 592 3201 civitatum,
616 3137 753 3202 quorum
768 3137 920 3200 magnum
936 3134 1050 3178 nume·

135 3245 206 3289 rum
230 3228 438 3305 evocaverat,
470 3223 631 3306 praesidio
659 3221 919 3306 pabulationibus
942 3219 1051 3302 mittit,

139 3329 192 3414 qui
215 3328 337 3393 subitas
358 3326 723 3411 incursioneshostium
746 3323 950 3388 sustinerent.

200 3431 279 3497 ΧΠ.
314 3431 409 3508 Quod
442 3452 514 3496 oum
546 3430 664 3495 cotidie
693 3430 785 3494 fieret
814 3450 851 3492 ac
881 3429 946 3492 iam
976 3449 1088 3492 eon-1
