2332 3892
500 239 534 290 v.
562 239 675 290 so-ss.
972 239 1033 302 123

126 410 212 493 gius,
242 430 308 474 non
337 414 444 494 putat3
474 409 597 494 equites
627 408 752 475 circiter
781 408 1035 494 quadringentos
1134 444 1138 457 ι

128 513 224 596 cogit.

189 615 329 688 XLVII.
361 615 452 681 Hora
468 615 595 679 circiter
608 616 705 681 tertia
720 616 759 680 ab
775 615 1033 681 antecursoribus
1056 631 1067 671 1

127 717 166 784 de
197 719 305 784 Crassi
333 717 474 783 adventu
511 719 629 782 certior
659 718 761 783 factus
793 740 832 784 eo
864 718 915 784 die
944 719 1034 783 milia

126 842 276 905 passuum
312 845 357 886 xx
392 821 551 906 procedit.
577 840 580 845 ·
606 823 757 888 Crassum
788 822 1070 888 Samarobrivae2

126 924 269 1008 praeficit
295 924 521 1010 legionemque
551 925 720 1008 adtribuit,
750 925 838 1018 quod
867 927 912 990 ibi
941 926 1033 1011 inpe-

128 1027 269 1091 dimenta
292 1028 463 1110 exercitus,
488 1027 616 1093 obsides
640 1027 815 1110 civitatum,
838 1027 961 1093 litteras
974 1051 1034 1113 pu-

128 1129 225 1195 blicas
247 1129 507 1214 frumentumque
532 1151 627 1195 omns
650 1131 860 1216 relinquebat
906 1131 1035 1214 Fabius,
1057 1152 1070 1190 a

128 1240 161 1297 ut
180 1234 376 1318 imperatum
399 1241 486 1318 erat,
515 1255 582 1300 non
610 1235 656 1299 ita
678 1234 814 1299 multum
836 1242 980 1299 moratus
1002 1237 1036 1300 in

128 1334 240 1401 itinere
264 1357 336 1401 cum
359 1338 487 1421 legione
513 1339 660 1403 occurrit.
703 1337 881 1419 Labienus,
904 1340 1071 1404 interitus

127 1438 244 1521 Sabini,
269 1439 368 1504 caede
391 1441 573 1505 cohortium
595 1441 741 1525 cognita,
765 1462 837 1506 cum
860 1462 972 1507 omnes
994 1441 1038 1506 ad

129 1564 200 1608 oum
209 1543 425 1608 Treverorum
440 1544 554 1628 copiae
569 1543 744 1626 venissent,
759 1544 879 1610 veritus
894 1543 1037 1608 hostiurn

128 1646 293 1730 impetum,
316 1645 506 1730 praesertim
529 1666 610 1728 quos
631 1645 755 1711 recenti
776 1646 912 1710 victoria
929 1647 1037 1711 efferri

127 1750 232 1832 sciret,
254 1750 377 1814 litteras
394 1748 523 1814 Caesari
538 1748 645 1830 mittit,
669 1754 788 1833 quanto
805 1769 877 1812 cum
892 1749 1035 1832 periculo
1047 1766 1070 1806 -s

127 1852 289 1937 legionem
312 1850 485 1916 educturus
509 1856 610 1916 esset:
640 1871 685 1933 ,re
708 1856 800 1934 gesta
820 1851 855 1914 in
876 1851 1035 1915 Eburoni-

128 1955 185 2020 bus
209 1975 322 2019 omnes
345 1955 454 2038 copias
467 1953 683 2018 Treverorum
705 1953 767 2016 tria
782 1953 870 2017 milia
883 1974 1035 2037 passuum

127 2057 223 2143 longe
246 2056 455 2122 consedisse‘.

188 2160 347 2226 XLVHI.
380 2160 499 2225 Caesar
528 2158 661 2224 oonsilio
691 2159 760 2224 eius
789 2157 943 2242 probato,
975 2160 1069 2224 etsir

129 2265 279 2350 opinions
307 2263 404 2328 trium
426 2262 592 2346 legionum
622 2261 766 2328 deiectus
789 2260 830 2324 ad
853 2260 932 2324 duas
952 2261 1034 2325 reci·
1110 2320 1111 2323 ,

129 2368 235 2450 derat,
263 2373 372 2432 tamen
393 2387 494 2430 unum
516 2364 670 2429 auxilium
690 2364 724 2428 in
746 2363 911 2428 celeritate
933 2383 1034 2447 pone·

128 2471 189 2537 bat.
227 2471 318 2536 venit
338 2469 464 2552 magnis
486 2466 654 2532 itineribus
676 2467 710 2530 in
730 2466 923 2531 Nerviorum
945 2466 1035 2531 fines.
1057 2489 1070 2530 a

128 2580 194 2638 turn
218 2573 348 2638 cuidam
370 2593 413 2638 ex
435 2570 596 2655 equitibus
615 2570 717 2635 Callis
739 2570 864 2653 magnis
885 2570 1069 2655 praemiisr

127 2675 260 2758 suadet,
297 2675 345 2739 uti
383 2673 425 2739 ad
465 2673 657 2744 Ciceronem
695 2673 866 2756 epistulam
904 2672 1035 2738 deferat.

127 2777 208 2842 hanc
224 2775 357 2841 Graecis
380 2775 594 2860 conscriptam
616 2775 732 2840 litteris
751 2775 859 2857 mittit,
881 2796 922 2840 ne
937 2776 1036 2848 inter·
1058 2797 1071 2834 r

129 2886 222 2965 cepta
244 2884 466 2962 cognoscatur.
512 2878 540 2941 si
562 2877 652 2942 adire
675 2898 742 2941 non
768 2877 888 2962 possit,
915 2883 1070 2959 moneta
1149 2951 1154 2962 ,

128 2989 162 3047 nt
182 2981 345 3066 tragulam
374 3001 447 3044 cum
477 2979 616 3063 epistula
644 2978 873 3044 adamantum
897 2979 1038 3062 deligata

129 3086 212 3150 intra
231 3084 445 3149 munitionem
468 3084 594 3148 abiciat.
632 3083 741 3147 scribit
762 3103 796 3147 se
814 3103 886 3147 cum
901 3082 1038 3164 legioni·
1059 3109 1072 3146 s

129 3187 188 3253 bus
208 3187 391 3271 profectum
414 3186 563 3251 celeriter
584 3184 714 3267 adsore3
736 3185 893 3266 hortatur,
915 3189 951 3248 ut
971 3185 1038 3270 pri·

131 3289 244 3352 stiuam
266 3287 420 3352 virtutem
441 3288 589 3353 retineat.
629 3286 740 3352 Callus
755 3287 933 3371 periculum
954 3286 1038 3350 veri-
1059 3311 1071 3348 r

131 3397 180 3456 tus
201 3388 364 3475 tragulam.
377 3390 485 3455 mittit.
522 3389 604 3480 haec
619 3408 695 3452 casu
710 3387 751 3452 ad
765 3387 878 3452 turrim
894 3385 1072 3452 adhaesits
