2332 3892
485 247 536 297 v1.
562 247 675 297 ar-as.
973 248 1032 309 149

126 417 163 492 Q.
181 418 326 482 Tullium
343 419 532 485 Ciceronem
552 418 695 503 praeficit
712 419 928 502 ducentosque
945 417 1033 501 equi·
1056 437 1068 476 s

126 527 174 586 tes
198 522 362 586 adtribuit.

190 622 355 688 XXXIII.
386 623 510 688 Partito
534 625 679 690 exercitu
701 625 737 689 T.
761 624 938 690 Labienum
962 645 1067 688 cumr

126 727 308 809 legionibus
344 727 444 790 tribus
482 727 523 791 ad
562 728 727 793 Oceanum
764 750 876 793 versus
910 728 943 790 in
979 748 1034 792 eas

126 835 244 914 partes,
268 851 349 915 quae
365 830 533 914 Menapios
555 831 735 913 adtingunt,
757 830 916 916 proficisci
937 831 1035 909 iubet,

128 933 162 998 Ο.
193 933 390 997 Trebonium
422 954 494 997 cum
525 935 595 1018 pari
627 935 792 1017 legionum
823 955 957 998 numero
992 933 1069 997 ada

127 1058 198 1101 eam
222 1036 404 1120 regionem,
434 1057 517 1122 quae
539 1036 728 1102 Aduatucos
757 1038 901 1120 adiacet,
934 1038 1033 1122 depo-

127 1140 302 1224 pulandam
317 1142 433 1221 mittit3
448 1141 518 1226 ipse
535 1162 608 1205 oum
623 1141 754 1226 reliquis
768 1141 810 1204 ad
819 1142 939 1205 flumen
947 1141 1034 1206 Scal-
1056 1161 1069 1200 a

129 1243 204 1309 dem
214 1242 591 1329 quodinfluitinMosam
602 1248 826 1328 extremasque
838 1242 1034 1309 Arduennae
1069 1271 1072 1275 ·

126 1353 234 1432 partes
263 1347 310 1412 ire
341 1348 519 1431 constituit,
550 1367 612 1432 quo
643 1368 715 1412 cum
743 1348 853 1431 paucis
876 1347 1035 1431 equitibus

126 1450 307 1537 profectum
330 1449 553 1533 Ambiorigem
571 1449 732 1514 audiebat.
770 1449 940 1514 discedens
962 1455 1036 1533 post
1055 1470 1068 1507 4

129 1555 214 1620 diem
236 1577 286 1618 vn.
309 1573 380 1618 sese
410 1572 611 1618 reversurum
635 1553 810 1617 confirmat.
855 1552 1035 1616 Labienum
1056 1573 1069 1610 c

127 1658 384 1742 Treboniumque
406 1657 571 1738 hortatur,
604 1655 631 1718 si
651 1676 710 1740 pro
734 1654 904 1719 commodo
928 1654 1035 1718 facere

129 1762 268 1845 possint,
303 1759 344 1824 ad
377 1759 462 1825 diem
494 1764 714 1841 revertantur,
745 1765 782 1822 ut
810 1779 917 1823 rursus
946 1779 1033 1821 com·

129 1865 288 1929 municato
310 1864 445 1951 'consilio
470 1863 708 1948 exploratisque
737 1861 879 1926 hostium
901 1859 1032 1924 rationi-

129 1967 185 2032 bus
209 1966 297 2031 aliud
318 1967 443 2030 initium
467 1972 628 2051 caperent.

190 2069 353 2135 XXXIV.
394 2071 493 2152 Erat,
530 2075 566 2133 ut
603 2091 699 2155 supra
737 2068 1067 2150 demonstravimus,1

130 2195 240 2239 nanus
256 2179 343 2237 certa
356 2173 453 2255 nulla,
476 2194 541 2237 non
558 2174 720 2259 oppidum,
742 2194 808 2238 non
825 2170 1032 2258 praesidium,

131 2277 234 2342 sedin
257 2296 368 2340 omnes
386 2281 494 2360 partes
511 2275 653 2360 dispersa
671 2273 854 2339 multitudo.
888 2274 943 2337 ubi
966 2272 1032 2336 cui·
1056 2298 1069 2338 a

130 2401 189 2464 que
221 2385 278 2444 aut
300 2379 400 2443 valles
429 2379 538 2444 abdita
566 2385 621 2444 aut
649 2381 741 2464 palus
769 2377 914 2463 inpedita
944 2398 1035 2462 spem

129 2484 266 2567 aliquam
304 2482 475 2564 offerebat,
509 2482 700 2548 consederat
733 2502 947 2566 magnamque
982 2503 1069 2546 resa

128 2586 329 2669 diligentiam
359 2585 544 2668 requirebat
573 2606 638 2650 non
665 2585 699 2650 in
729 2607 853 2650 summa
875 2585 1035 2649 exercitus

126 2688 248 2752 tuenda
278 2685 413 2766 (nullum
443 2688 529 2753 onim
560 2694 688 2773 poterat
719 2689 875 2753 universis
898 2689 937 2753 ab
961 2709 1035 2773 pro·

126 2791 247 2856 territis
269 2789 448 2874 periculum
470 2790 630 2872 accidere)
655 2790 712 2854 sed
728 2791 760 2853 in
776 2790 911 2872 singulis
928 2790 1035 2854 militi-

126 2894 187 2958 bus
202 2891 446 2974 oonservandis3
462 2914 536 2956 nam
552 2899 586 2957 et
598 2892 738 2978 praedae
750 2892 906 2977 cupiditas
918 2893 1036 2956 multos
1056 2924 1070 2962 4

126 2995 256 3080 longius
280 2996 434 3060 evocabat
457 3001 489 3059 et
507 2996 606 3060 silvae
628 2995 758 3060 incertis
778 2994 944 3059 itineribus
960 3001 1035 3056 con·

127 3100 228 3164 fartos
266 3098 355 3163 adire
396 3098 619 3183 prohibebant.
665 3099 692 3164 si
724 3099 891 3183 negotium
924 3095 1070 3168 conficis

128 3202 243 3283 vellet,
275 3200 484 3266 dimittendae
515 3202 625 3286 plures
655 3223 768 3266 manus
800 3197 1035 3282 diducendique

132 3309 222 3368 erant
248 3303 382 3384 milites3
414 3303 441 3367 si
472 3304 636 3369 continere
665 3303 707 3367 ad
735 3303 827 3386 signa
847 3300 1071 3385 manipulos,⁶

132 3415 167 3471 ut
188 3408 268 3472 ratio
293 3413 326 3471 et
342 3406 539 3470 consuetudo
557 3407 717 3471 exercitus
732 3405 923 3490 postulabat,
947 3405 1037 3467 locus
