2332 3892
192 249 232 310 83
553 247 601 295 rv.
630 247 741 296 ro-rr.

191 419 336 482 hostibus
358 416 433 481 inde
457 417 694 480 subministrata
716 415 835 478 auxilia
857 418 899 495 et,
922 413 949 476 si
973 417 1098 497 tempus

156 548 169 587 a
193 523 234 585 ad
255 522 376 586 bellum
391 520 569 604 gerendum
586 520 747 599 deficeret,
770 525 879 581 tamen
892 537 1010 600 magno
1028 517 1098 578 usui

193 626 278 706 fore,
308 625 454 688 simodo
478 624 614 687 insulam
637 623 772 703 adisset,
803 640 905 704 genus
932 620 1098 683 hominum

192 727 425 811 perspexisset,
458 727 546 807 loca,
580 732 708 810 portus,
740 725 845 789 aditus
872 719 1098 805 cognovisset‘

155 851 273 914 aquae
302 831 409 892 omnia
437 829 504 892 fere
533 828 633 891 Gallis
664 834 753 892 erant
784 827 962 910 incognita;
994 844 1098 909 neque

191 934 277 997 enim
305 939 428 995 temere
458 937 587 1015 praeter
616 937 811 994 mercatores
834 928 901 993 adit
932 929 1098 1012 quisquam

189 1056 294 1118 neque
318 1036 355 1097 iis
378 1035 454 1118 ipsis
476 1035 642 1118 quicquam
659 1041 786 1117 praeter
802 1054 889 1096 oram
906 1032 1097 1095 maritimam

190 1144 285 1220 atque
310 1158 364 1200 eas
386 1137 547 1218 regiones,
571 1157 652 1218 quae
669 1142 743 1198 sunt
757 1141 868 1198 contra
885 1134 1016 1216 Gallias,
1039 1157 1096 1198 no·

155 1248 259 1304 stum
282 1247 340 1304 est.
378 1240 485 1324 itaque
508 1241 630 1304 vocatis
653 1239 694 1301 ad
717 1259 752 1302 se
774 1239 915 1320 undique
938 1244 1096 1302 mercato-

189 1345 285 1423 ribus,
308 1365 413 1427 neque
436 1349 554 1426 quanta
576 1348 661 1406 esset
685 1342 806 1405 insulae
830 1339 1017 1421 magnitudo
1041 1361 1096 1405 ne·

190 1467 251 1529 que
275 1467 356 1530 quae
380 1434 434 1508 aut
457 1452 594 1528 quantae
620 1446 767 1508 nationes
792 1443 971 1507 incolerent
992 1464 1096 1527 neque

189 1569 285 1631 quem
308 1569 400 1611 usum
428 1547 505 1611 belli
535 1547 690 1611 haberent
717 1551 772 1609 aut
801 1545 916 1629 quibus
945 1544 1096 1608 institutis

188 1657 354 1715 uterentur
376 1671 480 1733 neque
507 1651 561 1734 qui
585 1655 692 1714 essent
713 1649 824 1712 idonei
845 1654 976 1732 portus,
1002 1668 1095 1733 repe·

188 1754 250 1816 rire
273 1744 409 1836 poterat.

155 1883 166 1922 1
253 1856 346 1921 XXI.
377 1855 430 1918 Ad
459 1856 539 1919 haec
562 1854 787 1938 cognoscenda
808 1854 896 1938 prius
917 1855 1095 1937 periculum

96 1977 102 1995 ¹
188 1958 339 2023 idoneum
363 1978 433 2022 esse
456 1958 626 2022 arbitratus
651 1957 686 2022 O.
715 1958 915 2021 Volusenum
932 1979 1004 2021 cum
1020 1959 1094 2021 navi

154 2087 167 2126 r
187 2062 378 2144 praemittit:
402 2060 543 2143 mandat,
565 2062 612 2124 uti
634 2082 728 2144 quam
751 2062 888 2145 primum
904 2067 1094 2127 revertatur.

154 2165 255 2249 aipse
279 2186 351 2228 cum
375 2166 520 2228 omnibus
544 2165 643 2248 copiis
665 2165 698 2227 in
712 2165 855 2228 Morinos
873 2164 1094 2248 proficiscitur,

188 2268 274 2352 quod
305 2267 380 2331 inde
412 2274 481 2331 erat
508 2269 713 2332 brevissimus
740 2269 772 2331 in
801 2269 998 2332 Britanniam
1030 2275 1094 2332 tra-

153 2371 298 2433 riectus.
343 2370 406 2434 huc
433 2392 531 2436 naves
561 2370 702 2455 undique
735 2378 768 2436 et
797 2394 891 2456 quam
928 2374 1093 2458 superiore

187 2478 308 2536 aestate
347 2472 388 2536 ad
417 2472 610 2537 Veneticum
648 2474 768 2538 bellum
806 2474 926 2537 fecerat
959 2475 1094 2538 classem

153 2575 275 2639 siubet
304 2575 486 2641 convenire.
517 2576 657 2664 interim
690 2577 822 2640 consilio
860 2577 928 2641 cius
963 2578 1092 2660 cognito

187 2683 220 2742 et
241 2697 300 2761 per
322 2684 517 2741 mercatores
545 2679 669 2762 perlato
694 2677 734 2741 ad
756 2677 928 2742 Britannos
958 2700 976 2742 a
1005 2700 1093 2743 com-

185 2779 329 2863 pluribus
352 2780 531 2844 civitatibus
554 2782 653 2864 legati
676 2783 824 2846 veniunt:
854 2781 993 2864 ,obsides
1016 2783 1093 2848 dare

153 2911 166 2951 s
186 2889 281 2967 atque
305 2883 439 2967 imperio
453 2885 564 2968 populi
580 2885 718 2948 Romani
735 2883 978 2969 obtemperare‘
1012 2886 1093 2950 libe-

186 2986 295 3050 raliter
317 2987 478 3069 pollicitus
500 2986 726 3072 hortatusque,
754 2994 790 3051 ut
818 2989 851 3051 in
873 3008 913 3051 ea
934 2989 1093 3052 sententia

154 3095 428 3172 rpermanereut,
462 3109 518 3153 eos
542 3089 673 3152 domum
697 3091 830 3153 remittit
853 3094 885 3153 et
907 3110 971 3153 una
994 3090 1091 3154 Com-

187 3191 303 3270 mium,
335 3211 430 3274 quem
460 3192 527 3274 ipse
558 3191 765 3256 Atrebatibus
794 3193 950 3276 superatis
979 3212 1092 3276 regem

188 3291 405 3373 constituerat,
429 3293 518 3355 cuius
542 3298 574 3357 et
590 3294 747 3357 ,virtutem
769 3300 802 3356 et
826 3292 993 3357 consilium
1016 3317 1090 3379 pro-

152 3394 299 3466 ,babae
323 3396 468 3476 imperat,
492 3416 569 3479 quas
593 3397 703 3479 possit,
726 3396 821 3460 adeat
836 3397 997 3461 civitates:
1021 3419 1089 3482 ,pc-
