<?xml version="1.0" encoding="UTF-8"?>
<!DOCTYPE html PUBLIC "-//W3C//DTD XHTML 1.0 Transitional//EN"
    "http://www.w3.org/TR/xhtml1/DTD/xhtml1-transitional.dtd">
<html xmlns="http://www.w3.org/1999/xhtml" xml:lang="en" lang="en">
 <head>
  <title>
</title>
<meta http-equiv="Content-Type" content="text/html;charset=utf-8" />
  <meta name='ocr-system' content='tesseract 3.04.00' />
  <meta name='ocr-capabilities' content='ocr_page ocr_carea ocr_par ocr_line ocrx_word'/>
</head>
<body>
  <div class='ocr_page' id='page_1' title='image "./ciuliicaesarisc00gitlgoog_0079.png"; bbox 0 0 2332 3892; ppageno 0'>
   <div class='ocr_carea' id='block_1_1' title="bbox 430 247 969 329">
    <p class='ocr_par' dir='ltr' id='par_1_1' title="bbox 430 247 969 329">
     <span class='ocr_line' id='line_1_1' title="bbox 430 247 969 329; baseline 0.006 -32"><span class='ocrx_word' id='word_1_1' title='bbox 430 247 480 297; x_wconf 91' lang='lat'>111.</span> <span class='ocrx_word' id='word_1_2' title='bbox 508 250 602 298; x_wconf 83' lang='lat'>9-11.</span> <span class='ocrx_word' id='word_1_3' title='bbox 839 322 841 329; x_wconf 13' lang='grc' dir='ltr'><em>Α</em></span> <span class='ocrx_word' id='word_1_4' title='bbox 929 251 969 312; x_wconf 81' lang='lat'>65</span> 
     </span>
    </p>
   </div>
   <div class='ocr_carea' id='block_1_2' title="bbox 55 414 1003 3500">
    <p class='ocr_par' dir='ltr' id='par_1_2' title="bbox 55 414 1003 1937">
     <span class='ocr_line' id='line_1_2' title="bbox 55 414 968 503; baseline 0.002 -21"><span class='ocrx_word' id='word_1_5' title='bbox 55 417 132 482; x_wconf 85' lang='lat' dir='ltr'>stria</span> <span class='ocrx_word' id='word_1_6' title='bbox 155 440 226 483; x_wconf 86' lang='lat' dir='ltr'>esse</span> <span class='ocrx_word' id='word_1_7' title='bbox 250 414 365 483; x_wconf 88' lang='lat' dir='ltr'>itinera</span> <span class='ocrx_word' id='word_1_8' title='bbox 381 420 507 482; x_wconf 86' lang='lat' dir='ltr'>concisa</span> <span class='ocrx_word' id='word_1_9' title='bbox 528 420 704 502; x_wconf 88' lang='lat' dir='ltr'>aestuariis,</span> <span class='ocrx_word' id='word_1_10' title='bbox 728 419 968 503; x_wconf 82' lang='lat' dir='ltr'>navigationem</span> 
     </span>
     <span class='ocr_line' id='line_1_3' title="bbox 55 523 967 609; baseline 0.001 -22"><span class='ocrx_word' id='word_1_11' title='bbox 55 523 233 608; x_wconf 77' lang='lat' dir='ltr'><strong>inpeditam</strong></span> <span class='ocrx_word' id='word_1_12' title='bbox 261 529 393 608; x_wconf 91' lang='lat' dir='ltr'>propter</span> <span class='ocrx_word' id='word_1_13' title='bbox 422 524 622 587; x_wconf 81' lang='lat' dir='ltr'>inscientiam</span> <span class='ocrx_word' id='word_1_14' title='bbox 651 526 796 588; x_wconf 90' lang='lat' dir='ltr'>locorum</span> <span class='ocrx_word' id='word_1_15' title='bbox 826 525 967 609; x_wconf 87' lang='lat' dir='ltr'>paucita-</span> 
     </span>
     <span class='ocr_line' id='line_1_4' title="bbox 55 619 1003 713; baseline -0.002 -22"><span class='ocrx_word' id='word_1_16' title='bbox 55 635 186 713; x_wconf 81' lang='lat' dir='ltr'>temque</span> <span class='ocrx_word' id='word_1_17' title='bbox 217 633 369 712; x_wconf 90' lang='lat' dir='ltr'>portuum</span> <span class='ocrx_word' id='word_1_18' title='bbox 407 647 511 712; x_wconf 90' lang='lat' dir='ltr'>neque</span> <span class='ocrx_word' id='word_1_19' title='bbox 544 619 704 692; x_wconf 75' lang='lat' dir='ltr'>exercitus</span> <span class='ocrx_word' id='word_1_20' title='bbox 738 634 871 712; x_wconf 91' lang='lat' dir='ltr'>propter</span> <span class='ocrx_word' id='word_1_21' title='bbox 903 628 1003 692; x_wconf 84' lang='lat' dir='ltr'>fro-s</span> 
     </span>
     <span class='ocr_line' id='line_1_5' title="bbox 55 731 1003 816; baseline -0.004 -19"><span class='ocrx_word' id='word_1_22' title='bbox 55 733 156 797; x_wconf 90' lang='lat' dir='ltr'>menti</span> <span class='ocrx_word' id='word_1_23' title='bbox 181 732 321 815; x_wconf 90' lang='lat' dir='ltr'>inopiam</span> <span class='ocrx_word' id='word_1_24' title='bbox 345 731 463 794; x_wconf 90' lang='lat' dir='ltr'>diutius</span> <span class='ocrx_word' id='word_1_25' title='bbox 486 731 571 816; x_wconf 88' lang='lat' dir='ltr'>apud</span> <span class='ocrx_word' id='word_1_26' title='bbox 595 752 629 794; x_wconf 85' lang='lat' dir='ltr'>ae</span> <span class='ocrx_word' id='word_1_27' title='bbox 653 733 772 795; x_wconf 89' lang='lat' dir='ltr'>morari</span> <span class='ocrx_word' id='word_1_28' title='bbox 794 753 907 816; x_wconf 74' lang='lat' dir='ltr'>posse,</span> <span class='ocrx_word' id='word_1_29' title='bbox 932 754 1003 797; x_wconf 84' lang='lat' dir='ltr'>acc</span> 
     </span>
     <span class='ocr_line' id='line_1_6' title="bbox 56 835 967 918; baseline 0.002 -20"><span class='ocrx_word' id='word_1_30' title='bbox 56 836 117 899; x_wconf 90' lang='lat' dir='ltr'>iam</span> <span class='ocrx_word' id='word_1_31' title='bbox 141 841 177 899; x_wconf 89' lang='lat' dir='ltr'>ut</span> <span class='ocrx_word' id='word_1_32' title='bbox 194 835 302 898; x_wconf 88' lang='lat' dir='ltr'>omnia</span> <span class='ocrx_word' id='word_1_33' title='bbox 317 840 428 898; x_wconf 88' lang='lat' dir='ltr'>contra</span> <span class='ocrx_word' id='word_1_34' title='bbox 443 836 626 918; x_wconf 86' lang='lat' dir='ltr'>opinionem</span> <span class='ocrx_word' id='word_1_35' title='bbox 649 836 842 918; x_wconf 87' lang='lat' dir='ltr'>acciderent,</span> <span class='ocrx_word' id='word_1_36' title='bbox 859 843 967 901; x_wconf 89' lang='lat' dir='ltr'>tamen</span> 
     </span>
     <span class='ocr_line' id='line_1_7' title="bbox 56 937 968 1023; baseline 0.003 -22"><span class='ocrx_word' id='word_1_37' title='bbox 56 959 89 1002; x_wconf 89' lang='lat' dir='ltr'>se</span> <span class='ocrx_word' id='word_1_38' title='bbox 112 937 288 1021; x_wconf 91' lang='lat' dir='ltr'>plurimum</span> <span class='ocrx_word' id='word_1_39' title='bbox 311 937 443 999; x_wconf 88' lang='lat' dir='ltr'>navibus</span> <span class='ocrx_word' id='word_1_40' title='bbox 466 959 581 1022; x_wconf 90' lang='lat' dir='ltr'>posse:</span> <span class='ocrx_word' id='word_1_41' title='bbox 606 961 701 1023; x_wconf 89' lang='lat' dir='ltr'>quam</span> <span class='ocrx_word' id='word_1_42' title='bbox 724 939 888 1004; x_wconf 87' lang='lat' dir='ltr'>Romanos</span> <span class='ocrx_word' id='word_1_43' title='bbox 911 962 968 1006; x_wconf 91' lang='lat' dir='ltr'>ne·</span> 
     </span>
     <span class='ocr_line' id='line_1_8' title="bbox 58 1040 967 1128; baseline 0.006 -24"><span class='ocrx_word' id='word_1_44' title='bbox 58 1060 118 1124; x_wconf 91' lang='lat' dir='ltr'>que</span> <span class='ocrx_word' id='word_1_45' title='bbox 142 1040 329 1104; x_wconf 81' lang='lat' dir='ltr'>facultatem</span> <span class='ocrx_word' id='word_1_46' title='bbox 352 1042 471 1106; x_wconf 89' lang='lat' dir='ltr'>habere</span> <span class='ocrx_word' id='word_1_47' title='bbox 495 1063 599 1127; x_wconf 89' lang='lat' dir='ltr'>neque</span> <span class='ocrx_word' id='word_1_48' title='bbox 622 1043 714 1123; x_wconf 85' lang='lat' dir='ltr'>vada,</span> <span class='ocrx_word' id='word_1_49' title='bbox 738 1051 858 1128; x_wconf 91' lang='lat' dir='ltr'>portus,</span> <span class='ocrx_word' id='word_1_50' title='bbox 882 1045 967 1109; x_wconf 91' lang='lat' dir='ltr'>insu-</span> 
     </span>
     <span class='ocr_line' id='line_1_9' title="bbox 57 1143 1002 1230; baseline 0.005 -23"><span class='ocrx_word' id='word_1_51' title='bbox 57 1145 102 1207; x_wconf 90' lang='lat' dir='ltr'>las</span> <span class='ocrx_word' id='word_1_52' title='bbox 124 1164 239 1223; x_wconf 90' lang='lat' dir='ltr'>nosse;</span> <span class='ocrx_word' id='word_1_53' title='bbox 271 1163 306 1205; x_wconf 90' lang='lat' dir='ltr'>ac</span> <span class='ocrx_word' id='word_1_54' title='bbox 329 1143 426 1227; x_wconf 85' lang='lat' dir='ltr'>longe</span> <span class='ocrx_word' id='word_1_55' title='bbox 450 1145 544 1207; x_wconf 89' lang='lat' dir='ltr'>aliam</span> <span class='ocrx_word' id='word_1_56' title='bbox 568 1167 639 1210; x_wconf 89' lang='lat' dir='ltr'>esse</span> <span class='ocrx_word' id='word_1_57' title='bbox 667 1148 906 1230; x_wconf 85' lang='lat' dir='ltr'>navigationem</span> <span class='ocrx_word' id='word_1_58' title='bbox 935 1148 1002 1212; x_wconf 76' lang='lat' dir='ltr'>inr</span> 
     </span>
     <span class='ocr_line' id='line_1_10' title="bbox 58 1245 1002 1330; baseline -0.002 -19"><span class='ocrx_word' id='word_1_59' title='bbox 58 1246 208 1311; x_wconf 89' lang='lat' dir='ltr'>concluso</span> <span class='ocrx_word' id='word_1_60' title='bbox 234 1245 313 1308; x_wconf 90' lang='lat' dir='ltr'>mari</span> <span class='ocrx_word' id='word_1_61' title='bbox 344 1250 440 1330; x_wconf 88' lang='lat' dir='ltr'>atque</span> <span class='ocrx_word' id='word_1_62' title='bbox 463 1247 496 1309; x_wconf 93' lang='lat' dir='ltr'>in</span> <span class='ocrx_word' id='word_1_63' title='bbox 518 1249 697 1316; x_wconf 83' lang='lat' dir='ltr'>vastissimo</span> <span class='ocrx_word' id='word_1_64' title='bbox 723 1249 875 1315; x_wconf 86' lang='lat' dir='ltr'>Ocean0.‘</span> <span class='ocrx_word' id='word_1_65' title='bbox 919 1252 1002 1315; x_wconf 84' lang='lat' dir='ltr'>hiss</span> 
     </span>
     <span class='ocr_line' id='line_1_11' title="bbox 57 1349 1002 1434; baseline 0.005 -20"><span class='ocrx_word' id='word_1_66' title='bbox 57 1350 143 1414; x_wconf 88' lang='lat' dir='ltr'>initis</span> <span class='ocrx_word' id='word_1_67' title='bbox 177 1349 318 1414; x_wconf 90' lang='lat' dir='ltr'>consiliis</span> <span class='ocrx_word' id='word_1_68' title='bbox 349 1349 468 1434; x_wconf 89' lang='lat' dir='ltr'>oppida</span> <span class='ocrx_word' id='word_1_69' title='bbox 496 1353 658 1434; x_wconf 89' lang='lat' dir='ltr'>muniunt,</span> <span class='ocrx_word' id='word_1_70' title='bbox 690 1353 851 1417; x_wconf 86' lang='lat' dir='ltr'>frumenta</span> <span class='ocrx_word' id='word_1_71' title='bbox 879 1373 1002 1419; x_wconf 76' lang='lat' dir='ltr'>com-⁹</span> 
     </span>
     <span class='ocr_line' id='line_1_12' title="bbox 59 1456 1002 1541; baseline 0.004 -22"><span class='ocrx_word' id='word_1_72' title='bbox 59 1459 209 1540; x_wconf 87' lang='lat' dir='ltr'>portant,</span> <span class='ocrx_word' id='word_1_73' title='bbox 245 1473 342 1517; x_wconf 84' lang='lat' dir='ltr'>naves</span> <span class='ocrx_word' id='word_1_74' title='bbox 387 1460 514 1537; x_wconf 86' lang='lat' dir='ltr'>cogunt.</span> <span class='ocrx_word' id='word_1_75' title='bbox 570 1456 674 1519; x_wconf 90' lang='lat' dir='ltr'>socios</span> <span class='ocrx_word' id='word_1_76' title='bbox 716 1456 775 1519; x_wconf 93' lang='lat' dir='ltr'>sibi</span> <span class='ocrx_word' id='word_1_77' title='bbox 814 1458 1002 1541; x_wconf 87' lang='lat' dir='ltr'>Osismos,1⁰</span> 
     </span>
     <span class='ocr_line' id='line_1_13' title="bbox 59 1556 966 1643; baseline 0.003 -19"><span class='ocrx_word' id='word_1_78' title='bbox 59 1558 234 1638; x_wconf 76' lang='lat' dir='ltr'>Lexouios,</span> <span class='ocrx_word' id='word_1_79' title='bbox 263 1556 450 1639; x_wconf 84' lang='lat' dir='ltr'>Namnetes,</span> <span class='ocrx_word' id='word_1_80' title='bbox 479 1557 682 1640; x_wconf 80' lang='lat' dir='ltr'>Ambiliatos,</span> <span class='ocrx_word' id='word_1_81' title='bbox 707 1561 859 1643; x_wconf 80' lang='lat' dir='ltr'>Morinos,</span> <span class='ocrx_word' id='word_1_82' title='bbox 888 1563 966 1627; x_wconf 88' lang='lat' dir='ltr'>Dia-</span> 
     </span>
     <span class='ocr_line' id='line_1_14' title="bbox 61 1660 969 1745; baseline 0.003 -18"><span class='ocrx_word' id='word_1_83' title='bbox 61 1663 194 1744; x_wconf 88' lang='lat' dir='ltr'>blintes,</span> <span class='ocrx_word' id='word_1_84' title='bbox 234 1660 402 1745; x_wconf 85' lang='lat' dir='ltr'>Menapios</span> <span class='ocrx_word' id='word_1_85' title='bbox 436 1661 632 1742; x_wconf 74' lang='lat' dir='ltr'>adsciscunt,</span> <span class='ocrx_word' id='word_1_86' title='bbox 670 1664 790 1727; x_wconf 87' lang='lat' dir='ltr'>auxilia</span> <span class='ocrx_word' id='word_1_87' title='bbox 825 1685 867 1729; x_wconf 85' lang='lat' dir='ltr'>ex</span> <span class='ocrx_word' id='word_1_88' title='bbox 895 1666 969 1730; x_wconf 89' lang='lat' dir='ltr'>Bri·</span> 
     </span>
     <span class='ocr_line' id='line_1_15' title="bbox 58 1767 967 1851; baseline 0.003 -20"><span class='ocrx_word' id='word_1_89' title='bbox 58 1767 177 1847; x_wconf 87' lang='lat' dir='ltr'>tannia,</span> <span class='ocrx_word' id='word_1_90' title='bbox 200 1785 282 1849; x_wconf 88' lang='lat' dir='ltr'>quae</span> <span class='ocrx_word' id='word_1_91' title='bbox 313 1769 501 1845; x_wconf 78' lang='lat' dir='ltr'>contraeas</span> <span class='ocrx_word' id='word_1_92' title='bbox 523 1767 673 1848; x_wconf 85' lang='lat' dir='ltr'>regiones</span> <span class='ocrx_word' id='word_1_93' title='bbox 696 1767 801 1851; x_wconf 89' lang='lat' dir='ltr'>posita</span> <span class='ocrx_word' id='word_1_94' title='bbox 824 1775 888 1851; x_wconf 90' lang='lat' dir='ltr'>est,</span> <span class='ocrx_word' id='word_1_95' title='bbox 918 1791 967 1834; x_wconf 89' lang='lat' dir='ltr'>ar·</span> 
     </span>
     <span class='ocr_line' id='line_1_16' title="bbox 58 1876 195 1937; baseline -0.022 -2"><span class='ocrx_word' id='word_1_96' title='bbox 58 1876 195 1937; x_wconf 91' lang='lat' dir='ltr'>cessnnt.</span> 
     </span>
    </p>

    <p class='ocr_par' dir='ltr' id='par_1_3' title="bbox 56 1971 1001 3082">
     <span class='ocr_line' id='line_1_17' title="bbox 121 1971 1000 2060; baseline 0.001 -22"><span class='ocrx_word' id='word_1_97' title='bbox 121 1973 167 2038; x_wconf 90' lang='lat' dir='ltr'>X.</span> <span class='ocrx_word' id='word_1_98' title='bbox 201 1973 302 2038; x_wconf 83' lang='lat' dir='ltr'>Erant</span> <span class='ocrx_word' id='word_1_99' title='bbox 324 1971 384 2037; x_wconf 88' lang='lat' dir='ltr'>hae</span> <span class='ocrx_word' id='word_1_100' title='bbox 402 1972 605 2036; x_wconf 87' lang='lat' dir='ltr'>difficultates</span> <span class='ocrx_word' id='word_1_101' title='bbox 628 1973 705 2037; x_wconf 93' lang='lat' dir='ltr'>belli</span> <span class='ocrx_word' id='word_1_102' title='bbox 720 1974 864 2056; x_wconf 82' lang='lat' dir='ltr'>gerendi,</span> <span class='ocrx_word' id='word_1_103' title='bbox 888 1995 966 2060; x_wconf 90' lang='lat' dir='ltr'>quas</span> <span class='ocrx_word' id='word_1_104' title='bbox 989 2008 1000 2047; x_wconf 86' lang='lat'>1</span> 
     </span>
     <span class='ocr_line' id='line_1_18' title="bbox 58 2075 964 2161; baseline 0.004 -22"><span class='ocrx_word' id='word_1_105' title='bbox 58 2098 152 2161; x_wconf 88' lang='lat' dir='ltr'>supra</span> <span class='ocrx_word' id='word_1_106' title='bbox 169 2075 378 2157; x_wconf 85' lang='lat' dir='ltr'>ostendimus,</span> <span class='ocrx_word' id='word_1_107' title='bbox 399 2075 456 2139; x_wconf 88' lang='lat' dir='ltr'>sed</span> <span class='ocrx_word' id='word_1_108' title='bbox 473 2076 572 2139; x_wconf 85' lang='lat' dir='ltr'>multa</span> <span class='ocrx_word' id='word_1_109' title='bbox 588 2075 760 2141; x_wconf 80' lang='lat' dir='ltr'>Caesarem</span> <span class='ocrx_word' id='word_1_110' title='bbox 776 2078 964 2143; x_wconf 81' lang='lat' dir='ltr'>incitabant:</span> 
     </span>
     <span class='ocr_line' id='line_1_19' title="bbox 57 2178 1001 2263; baseline 0.012 -22"><span class='ocrx_word' id='word_1_111' title='bbox 57 2179 172 2243; x_wconf 90' lang='lat' dir='ltr'>iniuria</span> <span class='ocrx_word' id='word_1_112' title='bbox 193 2184 391 2242; x_wconf 91' lang='lat' dir='ltr'>retentorum</span> <span class='ocrx_word' id='word_1_113' title='bbox 417 2178 558 2263; x_wconf 89' lang='lat' dir='ltr'>equitum</span> <span class='ocrx_word' id='word_1_114' title='bbox 575 2178 807 2263; x_wconf 86' lang='lat' dir='ltr'>Romanorum,</span> <span class='ocrx_word' id='word_1_115' title='bbox 830 2183 965 2247; x_wconf 88' lang='lat' dir='ltr'>rebellio</span> <span class='ocrx_word' id='word_1_116' title='bbox 988 2215 1001 2252; x_wconf 81' lang='lat'><strong>2</strong></span> 
     </span>
     <span class='ocr_line' id='line_1_20' title="bbox 57 2278 965 2370; baseline 0.008 -26"><span class='ocrx_word' id='word_1_117' title='bbox 57 2281 138 2344; x_wconf 82' lang='lat' dir='ltr'>facta</span> <span class='ocrx_word' id='word_1_118' title='bbox 166 2285 240 2364; x_wconf 90' lang='lat' dir='ltr'>post</span> <span class='ocrx_word' id='word_1_119' title='bbox 263 2278 478 2361; x_wconf 87' lang='lat' dir='ltr'>deditionem,</span> <span class='ocrx_word' id='word_1_120' title='bbox 502 2285 551 2344; x_wconf 91' lang='lat' dir='ltr'>tot</span> <span class='ocrx_word' id='word_1_121' title='bbox 581 2284 743 2346; x_wconf 85' lang='lat' dir='ltr'>civitatum</span> <span class='ocrx_word' id='word_1_122' title='bbox 777 2287 965 2370; x_wconf 89' lang='lat' dir='ltr'>coniuratio,</span> 
     </span>
     <span class='ocr_line' id='line_1_21' title="bbox 56 2380 966 2470; baseline 0.01 -25"><span class='ocrx_word' id='word_1_123' title='bbox 56 2383 198 2468; x_wconf 83' lang='lat' dir='ltr'>inprimis</span> <span class='ocrx_word' id='word_1_124' title='bbox 228 2403 268 2446; x_wconf 91' lang='lat' dir='ltr'>ne</span> <span class='ocrx_word' id='word_1_125' title='bbox 300 2382 360 2446; x_wconf 92' lang='lat' dir='ltr'>bac</span> <span class='ocrx_word' id='word_1_126' title='bbox 388 2380 539 2466; x_wconf 89' lang='lat' dir='ltr'>neglecta</span> <span class='ocrx_word' id='word_1_127' title='bbox 560 2386 703 2470; x_wconf 89' lang='lat' dir='ltr'>reliquae</span> <span class='ocrx_word' id='word_1_128' title='bbox 730 2388 876 2452; x_wconf 88' lang='lat' dir='ltr'>nationes</span> <span class='ocrx_word' id='word_1_129' title='bbox 907 2390 966 2454; x_wconf 90' lang='lat' dir='ltr'>sibi</span> 
     </span>
     <span class='ocr_line' id='line_1_22' title="bbox 57 2486 1000 2573; baseline 0.008 -24"><span class='ocrx_word' id='word_1_130' title='bbox 57 2486 141 2552; x_wconf 89' lang='lat' dir='ltr'>idern</span> <span class='ocrx_word' id='word_1_131' title='bbox 173 2486 272 2550; x_wconf 88' lang='lat' dir='ltr'>licere</span> <span class='ocrx_word' id='word_1_132' title='bbox 309 2486 546 2551; x_wconf 85' lang='lat' dir='ltr'>arbitrarentur.</span> <span class='ocrx_word' id='word_1_133' title='bbox 598 2489 704 2573; x_wconf 88' lang='lat' dir='ltr'>itaque</span> <span class='ocrx_word' id='word_1_134' title='bbox 736 2511 808 2553; x_wconf 91' lang='lat' dir='ltr'>cum</span> <span class='ocrx_word' id='word_1_135' title='bbox 840 2492 1000 2563; x_wconf 70' lang='lat' dir='ltr'>intelle-a</span> 
     </span>
     <span class='ocr_line' id='line_1_23' title="bbox 57 2587 963 2687; baseline 0.011 -35"><span class='ocrx_word' id='word_1_136' title='bbox 57 2595 148 2670; x_wconf 85' lang='lat' dir='ltr'>geret</span> <span class='ocrx_word' id='word_1_137' title='bbox 178 2608 290 2652; x_wconf 91' lang='lat' dir='ltr'>omnes</span> <span class='ocrx_word' id='word_1_138' title='bbox 322 2587 388 2652; x_wconf 84' lang='lat' dir='ltr'>fere</span> <span class='ocrx_word' id='word_1_139' title='bbox 423 2589 533 2654; x_wconf 80' lang='lat' dir='ltr'>Gallos</span> <span class='ocrx_word' id='word_1_140' title='bbox 563 2592 658 2687; x_wconf 27' lang='lat' dir='ltr'>,novis</span> <span class='ocrx_word' id='word_1_141' title='bbox 692 2594 787 2657; x_wconf 89' lang='lat' dir='ltr'>rebus</span> <span class='ocrx_word' id='word_1_142' title='bbox 823 2596 963 2680; x_wconf 88' lang='lat' dir='ltr'>studere,</span> 
     </span>
     <span class='ocr_line' id='line_1_24' title="bbox 58 2690 964 2764; baseline 0.01 -10"><span class='ocrx_word' id='word_1_143' title='bbox 58 2711 167 2756; x_wconf 90' lang='lat' dir='ltr'>omnes</span> <span class='ocrx_word' id='word_1_144' title='bbox 199 2695 307 2754; x_wconf 86' lang='lat' dir='ltr'>autem</span> <span class='ocrx_word' id='word_1_145' title='bbox 337 2690 483 2754; x_wconf 90' lang='lat' dir='ltr'>homines</span> <span class='ocrx_word' id='word_1_146' title='bbox 511 2698 624 2757; x_wconf 86' lang='lat' dir='ltr'>natura</span> <span class='ocrx_word' id='word_1_147' title='bbox 647 2695 870 2761; x_wconf 88' lang='lat' dir='ltr'>condicionem</span> <span class='ocrx_word' id='word_1_148' title='bbox 897 2720 964 2764; x_wconf 89' lang='lat' dir='ltr'>ser·</span> 
     </span>
     <span class='ocr_line' id='line_1_25' title="bbox 59 2793 963 2879; baseline 0.008 -21"><span class='ocrx_word' id='word_1_149' title='bbox 59 2795 166 2858; x_wconf 82' lang='lat' dir='ltr'>vitutis</span> <span class='ocrx_word' id='word_1_150' title='bbox 198 2793 320 2874; x_wconf 90' lang='lat' dir='ltr'>odisse,</span> <span class='ocrx_word' id='word_1_151' title='bbox 356 2794 540 2879; x_wconf 88' lang='lat' dir='ltr'>priusquam</span> <span class='ocrx_word' id='word_1_152' title='bbox 571 2796 679 2879; x_wconf 90' lang='lat' dir='ltr'>plures</span> <span class='ocrx_word' id='word_1_153' title='bbox 712 2798 856 2862; x_wconf 86' lang='lat' dir='ltr'>civitates</span> <span class='ocrx_word' id='word_1_154' title='bbox 888 2822 963 2865; x_wconf 91' lang='lat' dir='ltr'>con-</span> 
     </span>
     <span class='ocr_line' id='line_1_26' title="bbox 58 2895 965 2979; baseline 0.012 -23"><span class='ocrx_word' id='word_1_155' title='bbox 58 2897 222 2979; x_wconf 88' lang='lat' dir='ltr'>spirarent,</span> <span class='ocrx_word' id='word_1_156' title='bbox 246 2895 450 2979; x_wconf 87' lang='lat' dir='ltr'>partiendum</span> <span class='ocrx_word' id='word_1_157' title='bbox 467 2896 527 2960; x_wconf 92' lang='lat' dir='ltr'>sibi</span> <span class='ocrx_word' id='word_1_158' title='bbox 546 2917 582 2961; x_wconf 85' lang='lat' dir='ltr'>ac</span> <span class='ocrx_word' id='word_1_159' title='bbox 597 2899 693 2962; x_wconf 89' lang='lat' dir='ltr'>latius</span> <span class='ocrx_word' id='word_1_160' title='bbox 709 2900 965 2968; x_wconf 87' lang='lat' dir='ltr'>distribuendum</span> 
     </span>
     <span class='ocr_line' id='line_1_27' title="bbox 58 2999 391 3082; baseline 0.006 -21"><span class='ocrx_word' id='word_1_161' title='bbox 58 2999 234 3063; x_wconf 88' lang='lat' dir='ltr'>exercitum</span> <span class='ocrx_word' id='word_1_162' title='bbox 258 3000 391 3082; x_wconf 85' lang='lat' dir='ltr'>putavit.</span> 
     </span>
    </p>

    <p class='ocr_par' dir='ltr' id='par_1_4' title="bbox 59 3100 998 3500">
     <span class='ocr_line' id='line_1_28' title="bbox 117 3100 998 3192; baseline 0.012 -27"><span class='ocrx_word' id='word_1_163' title='bbox 117 3101 178 3165; x_wconf 84' lang='lat' dir='ltr'>XI.</span> <span class='ocrx_word' id='word_1_164' title='bbox 208 3100 323 3185; x_wconf 89' lang='lat' dir='ltr'>Itaque</span> <span class='ocrx_word' id='word_1_165' title='bbox 338 3101 375 3164; x_wconf 79' lang='grc' dir='ltr'>Τ.</span> <span class='ocrx_word' id='word_1_166' title='bbox 392 3101 570 3167; x_wconf 88' lang='lat' dir='ltr'>Labienum</span> <span class='ocrx_word' id='word_1_167' title='bbox 587 3104 729 3187; x_wconf 85' lang='lat' dir='ltr'>legatum</span> <span class='ocrx_word' id='word_1_168' title='bbox 745 3106 778 3169; x_wconf 92' lang='lat' dir='ltr'>in</span> <span class='ocrx_word' id='word_1_169' title='bbox 793 3107 963 3192; x_wconf 85' lang='lat' dir='ltr'>Treveros,</span> <span class='ocrx_word' id='word_1_170' title='bbox 987 3135 998 3178; x_wconf 85' lang='lat'>1</span> 
     </span>
     <span class='ocr_line' id='line_1_29' title="bbox 59 3203 963 3292; baseline 0.01 -27"><span class='ocrx_word' id='word_1_171' title='bbox 59 3205 107 3286; x_wconf 94' lang='lat' dir='ltr'>qui</span> <span class='ocrx_word' id='word_1_172' title='bbox 139 3203 281 3288; x_wconf 79' lang='lat' dir='ltr'>proximi</span> <span class='ocrx_word' id='word_1_173' title='bbox 310 3203 426 3268; x_wconf 87' lang='lat' dir='ltr'>Rheno</span> <span class='ocrx_word' id='word_1_174' title='bbox 456 3211 544 3287; x_wconf 90' lang='lat' dir='ltr'>sunt,</span> <span class='ocrx_word' id='word_1_175' title='bbox 577 3228 650 3271; x_wconf 91' lang='lat' dir='ltr'>cum</span> <span class='ocrx_word' id='word_1_176' title='bbox 682 3209 824 3292; x_wconf 91' lang='lat' dir='ltr'>equitatu</span> <span class='ocrx_word' id='word_1_177' title='bbox 857 3211 963 3276; x_wconf 89' lang='lat' dir='ltr'>mittit.</span> 
     </span>
     <span class='ocr_line' id='line_1_30' title="bbox 59 3305 998 3396; baseline 0.015 -28"><span class='ocrx_word' id='word_1_178' title='bbox 59 3305 126 3372; x_wconf 91' lang='lat' dir='ltr'>huic</span> <span class='ocrx_word' id='word_1_179' title='bbox 155 3308 303 3389; x_wconf 89' lang='lat' dir='ltr'>mandat,</span> <span class='ocrx_word' id='word_1_180' title='bbox 333 3308 454 3372; x_wconf 88' lang='lat' dir='ltr'>Remos</span> <span class='ocrx_word' id='word_1_181' title='bbox 484 3310 689 3396; x_wconf 89' lang='lat' dir='ltr'>reliquosque</span> <span class='ocrx_word' id='word_1_182' title='bbox 718 3311 838 3395; x_wconf 82' lang='lat' dir='ltr'>Belgas</span> <span class='ocrx_word' id='word_1_183' title='bbox 870 3313 998 3383; x_wconf 76' lang='lat' dir='ltr'>adeata</span> 
     </span>
     <span class='ocr_line' id='line_1_31' title="bbox 59 3408 964 3500; baseline 0.01 -29"><span class='ocrx_word' id='word_1_184' title='bbox 59 3414 148 3493; x_wconf 85' lang='lat' dir='ltr'>atque</span> <span class='ocrx_word' id='word_1_185' title='bbox 194 3409 227 3472; x_wconf 92' lang='lat' dir='ltr'>in</span> <span class='ocrx_word' id='word_1_186' title='bbox 266 3408 369 3473; x_wconf 86' lang='lat' dir='ltr'>officio</span> <span class='ocrx_word' id='word_1_187' title='bbox 409 3412 573 3475; x_wconf 89' lang='lat' dir='ltr'>contineat</span> <span class='ocrx_word' id='word_1_188' title='bbox 612 3412 871 3497; x_wconf 83' lang='lat' dir='ltr'>Germanosque,</span> <span class='ocrx_word' id='word_1_189' title='bbox 909 3417 964 3500; x_wconf 93' lang='lat' dir='ltr'>qui</span> 
     </span>
    </p>
   </div>
   <div class='ocr_carea' id='block_1_3' title="bbox 0 0 1176 3892">
    <p class='ocr_par' dir='ltr' id='par_1_5' title="bbox 0 0 1176 3892">
     <span class='ocr_line' id='line_1_32' title="bbox 0 0 1176 3892; baseline 0 0"><span class='ocrx_word' id='word_1_190' title='bbox 0 0 1176 3892; x_wconf 95' lang='lat' dir='ltr'> </span> 
     </span>
    </p>
   </div>
  </div>
 </body>
</html>
