2332 3892
440 245 488 296 vr.
517 246 628 295 ae-ar.
924 244 986 306 147

98 417 232 483 escindit
263 423 357 502 atque
386 418 418 481 in
451 423 595 482 extremo
626 422 724 502 ponte
754 415 867 479 turrim
892 415 983 478 tabu·

98 527 216 585 storum
240 528 389 606 quattuor
412 523 574 586 constituit
588 521 846 607 praesidiumque
870 519 984 583 cohor-

98 626 156 688 lum
179 649 224 688 xn
245 624 337 709 ponit
360 624 545 709 magnisque
570 646 644 689 eum
671 625 778 688 locum
799 621 984 686 munitioni·

98 747 135 790 us
164 727 289 791 firmat:
322 725 357 792 O.
380 725 564 790 Volcatium
586 726 715 791 Tullum
744 725 985 791 adulescentem

100 829 231 894 raofioit.
282 829 369 913 ipse,
400 850 471 893 oum
502 837 716 896 maturescere
746 831 906 895 frumenta
936 829 1021 892 in·4

97 936 240 1020 iperent,
262 935 425 1018 profectus
445 955 505 1019 per
526 934 736 1000 Arduennam
759 936 881 1017 silvam,
904 954 984 1019 quae

98 1037 205 1102 rilibus
229 1037 364 1122 amplius
387 1037 570 1121 quingentis
585 1037 619 1100 in
633 1036 870 1121 longitudinem
885 1040 985 1121 patet,

98 1175 115 1205 ι.
137 1141 313 1205 Minucium
336 1141 480 1204 Basilum
512 1162 584 1204 oum
617 1141 704 1205 omni
727 1141 871 1225 equitatu
893 1160 985 1223 prae·

98 1245 194 1326 rittit,
236 1244 341 1330 siquid
375 1244 539 1309 celeritate
580 1245 702 1309 itineris
738 1250 833 1330 atque
869 1264 985 1328 oppor-

98 1349 213 1426 unitate
254 1347 407 1432 temporis
442 1347 597 1431 proficere
631 1354 756 1433 posset3
790 1353 917 1429 monet,
950 1353 1022 1410 uta

98 1472 169 1536 gnos
200 1451 233 1514 in
265 1451 376 1515 castris
407 1451 476 1516 fieri
506 1451 695 1535 prohibeat,
733 1473 839 1536 nequa
873 1451 986 1535 procul

98 1553 268 1638 ignificatio
291 1553 364 1617 fiat:
388 1575 469 1636 ,seso
493 1555 660 1625 confestim
683 1553 855 1641 subsequi!

141 1657 253 1721 XXX.
305 1657 451 1741 Basilus,
497 1665 533 1722 ut
563 1660 755 1744 imperatum
792 1663 861 1741 est,
899 1659 1021 1724 facit.1

98 1761 228 1826 cleriter
250 1762 395 1825 confecto
419 1762 533 1827 itinere
563 1763 681 1826 multos
703 1762 905 1847 inopinantes
930 1761 985 1827 de-

100 1863 268 1945 rehendit3
300 1884 411 1928 eorum
433 1865 550 1929 indicio
574 1864 616 1928 ad
638 1865 742 1948 ipsum
764 1864 986 1948 Ambiorigem

98 1967 254 2033 ontendit.
298 1970 433 2032 multum
457 1970 584 2033 cumin
608 1970 754 2034 omnibus
777 1969 888 2048 rebus,
917 1975 1021 2032 tuma

98 2094 111 2137 1
148 2093 184 2137 re
217 2072 346 2136 militari
379 2077 487 2157 potest
516 2072 653 2136 fortuna.
697 2092 772 2135 nam
804 2077 841 2135 ut
867 2091 984 2155 magno

99 2175 196 2241 ccidit
219 2196 310 2257 casu,
339 2181 375 2239 ut
402 2175 435 2238 in
458 2175 562 2259 ipsum
585 2175 748 2238 incautum
771 2174 868 2239 etiam
890 2179 985 2258 atque

98 2285 270 2364 mparatum
302 2279 476 2360 incideret,
509 2278 554 2342 sic
585 2297 721 2360 magnae
750 2276 811 2340 fuit
839 2277 985 2341 fortunas

98 2402 181 2465 psum
216 2381 358 2465 effugere
390 2387 538 2447 mortem.
590 2381 648 2445 sed
681 2380 744 2444 hoc
775 2380 894 2445 factum
927 2386 1021 2463 cst,s

98 2483 166 2568 uod
199 2483 344 2550 aedificio
380 2483 575 2549 circumdato
612 2484 711 2565 silva,
744 2487 780 2547 ut
813 2488 886 2547 sunt
917 2481 986 2547 fere

98 2586 263 2670 lallorum,
296 2587 349 2671 qui
377 2587 566 2671 plerumque
598 2587 748 2650 silvarum
775 2591 889 2671 petunt
910 2606 985 2671 pro·

98 2692 293 2777 inquitates,
323 2691 456 2756 comites
488 2690 723 2775 familiaresque
743 2690 821 2753 'eius
850 2695 985 2772 angusto

98 2796 206 2860 nloco
230 2794 392 2878 paulisper
421 2794 565 2878 equitum
593 2797 777 2855 nostrorum
804 2793 869 2856 vim
891 2792 985 2855 susti·

98 2902 227 2963 ruerunt.
258 2897 307 2960 his
329 2896 544 2981 pugnantibus
566 2896 657 2958 illum
675 2895 708 2957 in
723 2915 840 2980 equum
857 2893 986 2979 quidam
1007 2918 1021 2957 r

98 3003 225 3067 ustulit:
254 3002 431 3084 fugientem
463 3001 561 3064 silvae
595 3004 755 3065 texerunt.
810 2999 854 3061 sic
884 3004 916 3061 et
944 2995 987 3060 ad

98 3104 283 3169 obeundum
313 3104 489 3189 periculum
520 3108 552 3167 et
584 3101 625 3165 ad
653 3100 818 3165 vitandum
851 3099 986 3163 multum
1080 3128 1083 3133 ¹

98 3211 209 3271 ortuna
230 3206 339 3271 valuit.

144 3308 271 3373 XXXI.
302 3308 472 3372 Ambiorix
501 3309 609 3393 copias
637 3329 710 3372 suas
739 3307 901 3372 iudicione
920 3329 1021 3380 non1

98 3410 283 3493 conduxerit,
306 3411 392 3496 quod
415 3411 539 3496 proelio
564 3410 779 3474 dimicandum
793 3431 859 3474 non
876 3409 984 3473 existi·
