2332 3892
171 217 248 291 '100
570 231 603 282 v.
632 231 708 280 a-o.

151 418 267 482 ⁶,sese
290 400 408 466 idcirco
431 402 541 465 venire
564 403 716 482 noluisse,
739 423 780 466 ne
801 403 903 465 omnis
919 403 1097 467 nobilitatis

152 521 164 559 ⁷
186 503 328 569 discessu
351 506 442 590 plebs
459 506 595 587 labaret3
621 506 647 568 si
662 506 872 588 permitteret,
896 527 969 570 suas
986 507 1096 571 civita·

185 609 288 691 tisque
311 610 454 674 fortunas
478 611 546 672 eius
570 608 645 672 fidoi
667 608 918 693 permissurum.‘

150 736 163 775 1
250 711 308 775 IV.
348 712 481 793 Caesar,
511 713 572 775 etsi
594 713 818 797 intellegebat,
852 734 913 797 qua
936 714 977 778 de
1002 737 1098 779 causa

186 836 226 878 ea
248 815 429 879 dicerentur
452 836 597 898 quaeque
621 836 695 879 eum
716 837 768 879 res
798 816 837 879 ab
867 818 1014 881 instituto
1042 817 1099 881 de-

185 924 336 999 terreret,
369 925 492 998 tamen,
522 937 562 980 ne
595 925 751 982 aestatem
781 920 814 982 in
843 919 992 983 Treveris
1024 943 1100 985 con-

187 1038 311 1084 sumere
336 1018 504 1104 cogeretur
521 1023 668 1085 omnibus
684 1022 724 1086 ad
740 1024 960 1088 Britannicum
975 1026 1098 1089 bellum

188 1125 387 1207 comparatis,
411 1124 666 1188 Indutiomarum
684 1126 774 1189 adse
792 1149 864 1191 cum
880 1151 914 1193 co
931 1129 1099 1193 obsidibus

152 1259 165 1298 2
187 1228 296 1290 venire
320 1227 420 1290 iussit.
465 1227 610 1315 adductis
633 1229 666 1291 in
689 1230 728 1291 iis
750 1230 815 1293 filio
845 1232 1099 1315 propinquisque

189 1331 256 1393 eius
281 1331 442 1412 omnibus,
476 1351 555 1413 quos
577 1332 768 1395 nominatim
792 1342 999 1415 evocaverat,
1023 1356 1101 1399 con·

187 1432 307 1498 solatus
330 1433 585 1497 Indutiomarum
608 1435 814 1518 hortatusque
838 1443 896 1517 est,
925 1438 972 1500 uti
995 1438 1029 1501 in
1052 1438 1102 1501 of-

152 1538 258 1605 sficio
291 1544 450 1618 maneret;
490 1538 590 1600 nihilo
630 1545 737 1600 tamen
770 1539 868 1601 setius
899 1541 1102 1624 principibus

186 1639 398 1704 Treverorum
446 1641 628 1703 convocatis
673 1641 859 1723 singillatim
897 1641 1102 1727 Cingetorigi

188 1744 383 1809 conciliavit:
408 1742 580 1825 quodcum
596 1744 709 1807 merito
728 1746 795 1807 eius
818 1745 886 1807 fieri
904 1752 973 1809 tum
989 1748 1103 1828 magni

186 1849 340 1912 interesse
364 1847 552 1910 auctoritate
580 1847 664 1909 inter
692 1868 767 1912 suos
798 1869 891 1931 quam
923 1851 1100 1932 plurimum

187 1953 312 2033 valere,
345 1951 433 2013 cirins
463 1957 528 2013 tam
559 1951 722 2034 egregiam
745 1953 943 2016 voluntatem
965 1973 1103 2036 perspe-

153 2058 298 2120 cxisset.
342 2055 376 2118 id
405 2055 523 2118 facturn
552 2055 692 2138 graviter
714 2055 934 2120 Indutiomaro
959 2063 1008 2137 et,
1043 2058 1101 2138 qui

187 2160 251 2223 iam
267 2165 340 2222 ante
356 2159 484 2221 inimico
502 2158 607 2220 animo
623 2157 744 2239 fuisset,
769 2159 869 2222 multo
885 2159 1014 2241 gravius
1035 2158 1102 2222 hoo

189 2262 300 2326 dolore
324 2260 453 2323 exarsit.

153 2391 164 2429 1
252 2367 292 2429 V.
330 2365 392 2427 His
418 2363 514 2426 rebus
545 2364 723 2427 constitutis
749 2363 867 2428 Caesar
895 2364 936 2427 ad
965 2372 1099 2448 portum

153 2496 166 2533 a
188 2469 285 2531 Itium
305 2489 376 2530 curn
398 2466 580 2550 legionibus
601 2467 758 2548 pervenit.
791 2468 836 2530 ibi
860 2470 1035 2550 cognoscit,
1058 2493 1100 2532 ax

186 2592 301 2651 naves,
332 2591 412 2654 quae
441 2571 475 2632 in
496 2570 613 2633 Meldis
642 2570 744 2633 factae
769 2580 874 2652 erant,
903 2578 1098 2655 tempestate

186 2676 322 2738 reiectas
345 2695 470 2736 cursum
493 2680 602 2737 tenere
618 2695 683 2738 non
698 2674 840 2756 potuisse
857 2679 951 2756 atque
969 2674 1100 2756 eodem,

187 2778 272 2843 uude
296 2785 386 2841 erant
399 2778 573 2860 profectae,
597 2778 784 2858 revertisse3
808 2777 946 2859 reliquas
969 2785 1101 2860 paratas

188 2881 228 2946 ad
256 2879 472 2965 navigandum
501 2887 595 2964 atque
626 2881 772 2944 omnibus
802 2881 896 2943 rebus
926 2881 1099 2945 instructas

153 3019 165 3058 3
187 2988 318 3051 invenit.
349 2986 463 3049 eodem
480 2987 638 3068 equitatus
656 2986 805 3049 convenit
818 3006 952 3049 numero
972 2987 1097 3049 milium

155 3124 168 3160 4
188 3097 336 3174 quattuor
358 3090 579 3172 principesque
603 3110 644 3151 ex
669 3081 816 3152 omnibus
833 3089 1029 3170 civitatibus3
1055 3110 1095 3152 ex

188 3194 300 3276 quibus
310 3214 498 3276 perpaucos,
515 3213 648 3275 quorum
658 3192 755 3254 fidem
765 3199 984 3275 perspexerat,
998 3194 1095 3256 relin-

188 3316 295 3379 quere,
317 3297 457 3378 reliquos
475 3295 622 3359 obsidum
638 3296 709 3359 loco
727 3315 834 3357 seeum
851 3293 968 3357 ducere
985 3295 1096 3358 decre·

188 3406 287 3481 verat,
311 3399 405 3482 quod,
431 3421 502 3463 cum
525 3401 593 3483 ipse
614 3399 750 3480 abesset,
774 3404 895 3461 motum
912 3399 1094 3489 serebatur.
