2332 3892
184 249 246 311 150
358 323 362 334 Ι
539 250 588 299 vr.
615 250 725 299 arflac

184 427 252 484 erat
267 420 426 505 pracsidio
445 420 586 485 barbaris
601 442 705 504 neque
719 419 890 483 insidiandi
906 425 940 483 et
955 420 1081 484 circum-

162 524 333 588 rveniendi
357 524 468 590 deerat
491 522 632 586 audacia.
667 523 699 584 in
722 521 898 585 eiusmodi
921 521 1080 585 difficulta-

161 626 267 692 stibus
289 627 437 690 finitimas
469 625 613 689 civitates
642 645 754 688 omnes
778 629 892 688 evocat
915 645 973 708 spe
995 645 1080 708 prae-

185 729 260 812 dae,
294 737 330 793 ut
360 730 468 815 potius
492 727 658 792 Gallorum
681 729 746 792 vita
769 749 864 812 quam
893 728 1080 811 legionarius

161 833 274 904 „miles
295 832 502 917 periclitetur.
540 852 673 915 magnus
696 831 836 916 undiquc
859 852 1013 895 numerus
1035 851 1079 896 ce-

182 936 291 1000 leriter
313 935 471 999 convenit.

122 1055 163 1094 1.1
245 1036 386 1101 XXXV.
419 1036 494 1119 Hic,
517 1043 670 1121 quantum
692 1038 724 1100 in
742 1038 828 1101 bello
844 1038 975 1103 fortuna
988 1039 1079 1124 possit

122 1167 162 1209 ar
183 1147 215 1204 et
238 1146 373 1224 quantos
395 1140 518 1205 adferat
540 1161 644 1222 casus,
668 1143 820 1224 cognosci
841 1144 958 1225 potuit.
1003 1153 1078 1207 trans

142 1267 145 1273 ·
182 1243 331 1308 Rhenum
375 1242 416 1307 ad
460 1242 638 1308 Germanos
675 1245 823 1327 pervenit
864 1245 952 1309 fama
994 1246 1078 1330 diripi

182 1346 349 1411 Eburones
372 1354 469 1431 atque
491 1348 576 1411 ultro
594 1367 706 1410 omnes
721 1347 762 1411 ad
778 1348 933 1431 praedam
950 1351 1077 1415 evocari

122 1479 163 1517 as
183 1457 301 1534 cogunt
333 1451 475 1536 equitum
507 1450 570 1515 duo
595 1451 682 1515 milia
704 1451 890 1534 Sugambri,
922 1459 1078 1519 transeunt

182 1553 331 1618 Rhenum
369 1555 500 1638 triginta
539 1555 666 1618 milibus
703 1577 854 1640 passuum
894 1557 977 1622 infra
1014 1578 1078 1623 eum

181 1659 305 1739 locum,
328 1657 383 1722 ubi
405 1677 486 1740 pons
510 1663 579 1721 erat
600 1657 860 1743 praesidiumque
883 1659 923 1723 ab
949 1659 1077 1724 Caesare

181 1762 343 1841 relictum,
367 1761 487 1845 primos
510 1750 698 1824 Eburonum
714 1762 792 1825 fines
808 1761 944 1844 adeunt3
968 1764 1077 1827 multos

182 1885 223 1926 cx
246 1864 322 1946 fuga
345 1853 518 1948 excipiunt,
542 1885 657 1947 magno
681 1866 806 1949 pecoris
829 1885 975 1947 numero,
1000 1868 1077 1930 cuius

161 1972 254 2031 ssunt
265 1965 460 2051 cupidissimi
469 1966 606 2049 barbari,
621 1968 796 2051 potiuntur.
831 1969 956 2032 invitati
966 1967 1078 2054 praeda

163 2059 306 2152 ‘longius
337 2068 525 2154 procedunt.
570 2091 635 2133 non
662 2069 722 2132 hos
753 2070 843 2153 palus
874 2071 908 2133 in
930 2070 1018 2135 bello
1039 2072 1077 2134 la·

180 2172 384 2257 trociniisque
407 2178 515 2254 natos,
545 2193 610 2236 non
633 2173 731 2236 silvae
753 2179 928 2236 morantur.
974 2175 1078 2259 quibus

180 2276 213 2337 in
240 2276 320 2338 locis
352 2274 392 2338 sit
417 2273 551 2355 Caesar,
581 2296 623 2339 ex
646 2275 778 2359 captivis
808 2282 981 2360 quaerunt;
1011 2297 1077 2362 pro·

180 2379 298 2443 fectum
327 2379 454 2461 longius
489 2378 655 2461 reperiunt
688 2399 878 2463 omnemque
909 2382 1078 2445 exercitum

160 2480 372 2544 adiscessisse.
424 2484 519 2563 atquc
551 2500 633 2543 unus
665 2502 706 2544 ex
738 2481 870 2564 captivis
903 2483 992 2566 ,quid
1019 2477 1078 2546 vcs‘

181 2585 282 2668 inquit
312 2584 470 2665 ,miseram
493 2583 574 2645 hanc
597 2584 762 2648 sectamini
784 2582 965 2666 praedam?
987 2586 1078 2649 tribus

180 2688 268 2751 horis
279 2687 483 2750 Aduatucam
498 2687 607 2750 venire
624 2686 775 2770 potestis:
799 2687 870 2767 ,huo
887 2708 1000 2752 omnes
1016 2705 1079 2750 suas

161 2792 322 2854 sfortunas
346 2791 505 2854 exercitus
529 2791 678 2870 contulit3
709 2789 860 2874 praesidii
881 2795 1007 2853 tantum
1029 2793 1079 2866 est,

181 2901 216 2958 ut
238 2917 278 2960 ne
300 2916 409 2958 murus
432 2894 562 2979 quidem
585 2896 669 2977 cingi
684 2894 905 2978 possitneque
921 2893 1079 2976 quisquam

150 2997 293 3081 rocg‘redi
332 3003 423 3062 extra
463 2998 654 3062 munitiones
695 2997 831 3062 audeat‘.
889 2997 998 3061 oblata
1029 3013 1078 3081 spe

184 3100 345 3183 Germani,
369 3123 463 3186 quam
477 3103 583 3165 nancti
600 3106 690 3165 erant
707 3101 869 3184 praedam,
885 3101 1078 3186 relinquunt;

182 3205 241 3288 ipsi
281 3204 482 3268 Aduatucam
520 3203 718 3268 contendunt
756 3206 806 3268 usi
842 3204 959 3270 eodem
996 3205 1077 3282 duce,

183 3307 271 3369 cuius
294 3307 372 3371 haec
395 3308 511 3371 indicio
536 3311 764 3389 cognoverant.

161 3430 169 3466 1
246 3408 403 3472 XXXVI.
440 3411 570 3491 Cicero,
601 3411 655 3494 qui
679 3431 789 3474 omnes
813 3411 994 3494 superiores
1017 3410 1075 3473 dies
