2332 3892
478 239 552 289 vr11.
580 241 691 289 rr-ro.
976 240 1036 302 217

122 416 189 480 tivo
222 413 364 498 quodam
397 414 553 497 comperit
584 413 702 478 ansar
733 414 900 496 Oorreum,
931 414 1040 478 Bello·

122 539 279 583 vacorum
302 517 426 600 ducem,
450 518 697 583 fortissimorum
716 519 804 582 milia
819 540 878 582 sex
893 519 1039 603 peditum

124 623 313 706 equitesque
343 621 431 685 mille
462 622 639 704 conlocari,
670 642 732 705 quo
757 629 890 706 propter
914 623 1039 706 copiam

122 727 277 791 frumenti
293 747 330 790 ae
345 725 454 809 pabuli
463 725 630 790 Romanos
646 727 799 790 missuros
814 727 1038 811 suspicaretur.

123 850 186 914 quo
212 830 342 914 cognito
368 830 499 894 consilio
516 830 663 915 legiones
678 831 787 914 plures
803 850 899 913 quam
915 831 1040 895 solebat
1062 849 1074 886 2

124 934 234 1000 educit
266 936 505 1018 equitatumque
534 935 727 1018 praemittit3
759 936 835 999 huie
864 937 1039 1021 interponit

121 1039 246 1104 auxilia
261 1039 343 1103 levis
359 1045 554 1119 armaturae3
572 1039 642 1122 ipse
659 1061 731 1103 cum
745 1038 928 1124 legionibus
939 1060 1039 1124 quam
1062 1056 1074 1094 ³

122 1151 233 1229 potest
256 1145 397 1208 maxime
421 1144 667 1228 adpropinquat.

187 1249 318 1314 XVIII.
349 1250 472 1315 Hostes
496 1272 568 1314 cum
592 1250 653 1314 sibi
676 1249 875 1335 delegissent
892 1265 1074 1332 campum1

122 1356 165 1421 ad
186 1376 258 1420 rem
274 1354 449 1439 gerendam
464 1376 530 1418 non
545 1353 682 1437 amplius
698 1359 864 1436 patentem
879 1354 912 1416 in
929 1374 1040 1417 omnes

120 1466 234 1543 partes
256 1457 404 1542 passibus
427 1457 531 1538 mille,
556 1457 644 1523 silvis
667 1457 809 1540 undique
833 1464 888 1521 aut
909 1458 1040 1520 flumine

122 1565 301 1646 munitum,
334 1563 423 1627 velut
454 1562 605 1645 indagine
635 1563 721 1626 hunc
751 1560 1040 1625 circumdederunt.

122 1669 237 1749 nostri,
261 1668 367 1731 animo
392 1672 488 1749 atque
507 1667 602 1730 armis
618 1665 731 1750 parati,
756 1686 828 1729 eum
845 1666 1041 1750 subsequen·
1063 1682 1075 1719 2

121 1773 209 1837 tibus
231 1771 415 1856 legionibus
437 1771 559 1835 nullam
583 1770 823 1834 dimicationem
845 1777 1040 1851 recusarent,

121 1877 290 1941 turmatim
311 1875 345 1938 in
369 1896 443 1938 eum
465 1876 572 1939 locum
592 1873 801 1938 devenerunt.
834 1894 969 1957 quorum
984 1874 1040 1937 ad·
1061 1892 1074 1930 3

121 1987 224 2045 ventu
254 2001 327 2043 cum
355 1979 416 2043 sibi
441 1978 578 2043 Oorreus
603 1979 744 2042 oblatam
768 1979 970 2042 occasionem
992 1978 1039 2041 rei

122 2082 288 2168 gerendae
327 2083 544 2165 existimaret,
582 2083 721 2166 primum
760 2104 833 2146 eum
863 2083 973 2166 paucis
1005 2104 1039 2147 se

123 2187 268 2253 ostendit
290 2192 385 2270 atque
408 2188 442 2251 in
465 2186 630 2270 proximas
645 2192 765 2250 turmas
780 2187 939 2269 impetum
954 2187 1039 2251 fecit.

121 2291 226 2357 nostri
250 2297 433 2356 constanter
456 2291 614 2354 sustinent
635 2311 740 2374 neque
763 2293 872 2373 plures
892 2292 926 2354 in
941 2312 1040 2355 unum
1062 2315 1074 2353 4

122 2396 234 2461 locum
258 2396 462 2460 conveniunt.

188 2498 284 2563 XIX.
319 2498 400 2563 Cum
423 2501 456 2564 in
477 2501 583 2565 vicem
605 2501 667 2563 rari
685 2501 920 2584 proeliarentur
935 2521 1039 2584 neque
1063 2523 1074 2560 1

123 2606 163 2669 ab
185 2604 342 2668 lateribus
366 2604 588 2669 circumveniri
612 2625 687 2670 suos
709 2609 911 2687 paterentur,
936 2625 1040 2668 erum·

123 2716 206 2794 punt
234 2709 333 2773 ceteri
357 2729 399 2772 ex
422 2709 520 2773 silvis.
564 2709 600 2773 fit
622 2729 740 2792 magna
763 2708 969 2773 contentione
992 2708 1039 2771 di·
1062 2731 1074 2768 1

124 2833 255 2877 versum
284 2813 452 2896 proelium.
491 2813 577 2896 quod
607 2834 679 2877 cum
703 2812 822 2876 diutius
844 2813 914 2896 pari
936 2813 1040 2876 Marte

125 2916 274 2999 iniretur,
312 2916 468 3001 paulatim
505 2918 660 2981 instructa
691 2915 862 2980 multitudo
894 2915 1041 2998 peditum

126 3027 253 3087 nostros
277 3021 364 3104 cogit
386 3019 512 3084 cedere.
547 3019 661 3103 quibus
686 3019 833 3082 celeriter
849 3017 1041 3081 subveniunt

126 3125 207 3191 levis
222 3130 402 3188 armaturae
417 3123 555 3206 pedites,
578 3143 658 3206 quos
675 3129 748 3185 ante
764 3122 910 3205 legiones
926 3122 1041 3187 missos

130 3228 232 3310 docui,
247 3228 425 3310 turmisque
439 3226 622 3310 interpositi
637 3231 820 3291 constanter
832 3226 1040 3308 proeliantur.

129 3340 287 3419 pugnatur
309 3331 506 3417 aliquamdiu
521 3331 591 3415 pari
608 3330 828 3408 contentione3
853 3328 981 3413 deinde,
1006 3339 1041 3395 ut
1064 3354 1076 3392 a

131 3438 206 3503 ratio
235 3435 420 3521 postulabat
442 3436 575 3519 proelii,
605 3436 659 3518 qui
682 3433 898 3498 sustinuerant
919 3436 1040 3518 primos

826 3540 859 3588 13
870 3538 885 3568 ³*
