2332 3892
472 242 494 292 1.
522 244 634 293 47-49.
961 239 1002 302 35

91 412 220 497 linguae
237 412 380 479 Gallicae
404 415 570 479 scientiam
593 421 626 478 et
641 413 728 499 quod
743 414 776 477 in
792 434 830 479 eo
846 410 1002 498 peccandi

94 517 264 581 Germanis
288 539 382 582 causa
401 539 466 582 non
489 522 574 582 esset
602 518 728 581 mittere
751 523 783 582 et
797 516 842 580 Μ.
857 515 1002 595 Metium,

93 620 147 704 qui
169 620 310 705 hospitio
332 620 488 684 Ariovisti
509 620 669 685 utebatur.
708 641 787 704 quos
811 640 883 683 cum
905 616 1001 681 Ario·
1023 637 1035 676 a

91 725 194 787 vistus
209 724 440 808 conspexisset,
457 723 601 788 exercitu
617 744 674 787 suo
690 728 859 807 praesente
876 720 1001 785 concla-

92 827 211 890 mavit:
250 825 337 911 ,quid
374 825 415 889 ad
452 847 486 890 se
524 826 695 890 venirent?
738 846 779 889 an
816 823 1003 910 speculandi

93 927 223 993 causat‘
253 935 406 994 conantes
435 928 543 993 dicere
571 929 735 1014 prohibuit
764 930 852 994 etin
875 934 1003 993 catenas

93 1030 241 1096 coniecit.
904 1069 907 1072 -

160 1133 318 1198 XLVIII.
362 1135 488 1201 Eodem
533 1137 584 1203 die
630 1143 731 1202 castra
772 1134 935 1222 promovit
971 1139 1036 1200 etr

94 1236 223 1301 milibus
260 1258 411 1322 passuum
449 1261 508 1304 sex
544 1261 563 1303 a
600 1239 746 1305 Caesaris
790 1238 901 1303 castris
944 1237 1002 1301 snb

95 1346 205 1405 monte
250 1340 404 1406 consedit.
453 1343 609 1427 postridie
655 1343 723 1407 eius
768 1342 832 1406 diei
875 1345 1037 1427 praeterr

96 1443 244 1508 Caesaris
266 1465 340 1508 suas
363 1446 470 1530 copias
493 1445 638 1510 traduxit
660 1452 693 1511 et
708 1444 836 1510 milibus
851 1463 1003 1529 passuum

96 1546 222 1611 duobus
251 1548 334 1612 ultra
362 1570 437 1613 eum
467 1555 570 1614 cestra
600 1550 676 1614 fecit
708 1570 746 1614 eo
780 1548 922 1631 consilio,
955 1546 1004 1611 uti

97 1651 259 1716 frumento
298 1659 560 1739 commeatuque,
604 1653 658 1738 qui
695 1674 737 1717 ex
779 1651 934 1737 Sequanis
971 1654 1004 1713 et

98 1752 223 1821 Aeduis
233 1761 486 1839 supportaretur,
495 1755 732 1821 intercluderet.
750 1754 819 1820 dies
836 1752 1004 1818 continuos
1025 1774 1038 1814 s

95 1858 236 1943 quinque
268 1858 387 1924 Caesar
416 1861 518 1925 aciem
546 1861 736 1924 instructam
757 1857 879 1940 habuit,
901 1861 953 1936 ut,
976 1854 1004 1918 si

93 1960 195 2025 vellet
221 1962 346 2045 proelio
369 1962 576 2044 contendere,
605 1968 748 2047 potestas
776 1980 843 2024 non
866 1958 1003 2023 deesset.

94 2062 144 2128 his
176 2066 323 2131 omnibus
353 2066 464 2131 diebus
494 2066 671 2132 exercitum
700 2065 811 2129 castris
840 2062 1039 2143 continuits

95 2168 237 2251 equestri
252 2169 377 2253 proelio
394 2169 526 2234 cottidie
544 2167 719 2233 contendit.
735 2189 837 2252 genus
857 2167 919 2231 hoc
939 2170 1006 2230 erat

94 2288 243 2354 pugnae,
275 2292 352 2356 quo.
370 2293 405 2337 se
430 2272 583 2337 Germani
612 2275 833 2336 exercuerant.
863 2269 1040 2353 equitumo

95 2373 184 2437 milia
193 2379 284 2437 erant
299 2395 368 2457 sex,
378 2374 515 2439 totidem
530 2394 663 2438 numero
676 2372 802 2458 pedites
813 2367 1008 2437 velocissimi

96 2496 133 2540 ac
162 2476 343 2559 fortissimi,
375 2498 456 2562 qnos
487 2477 604 2561 singuli
634 2477 777 2561 singulos
809 2474 1006 2558 delegerant.

96 2580 234 2644 cumbis
256 2581 290 2645 in
304 2581 436 2666 proeliis
451 2582 674 2663 versabantur,
693 2580 735 2645 ad
757 2600 814 2644 eos
830 2600 864 2643 se
881 2578 1006 2662 equites

96 2681 310 2767 recipiebant:
333 2683 376 2766 bi,
400 2683 504 2769 siquid
527 2690 596 2749 erat
619 2683 738 2773 durius,
764 2681 1005 2760 concurrebant,
1028 2697 1040 2736 ⁶

98 2783 181 2869 siqui
210 2785 358 2868 graviore
390 2786 522 2851 vulnere
553 2791 685 2870 accepto
719 2804 802 2869 equo
833 2782 1006 2864 deciderat,

99 2886 218 2952 circum
240 2888 409 2969 sistebant3
432 2890 524 2974 siquo
549 2894 619 2952 erat
640 2888 769 2970 longius
784 2884 1006 2971 prodeundum
1028 2902 1040 2942 r

99 2990 155 3054 ant'
177 2991 312 3056 celerius
333 2992 563 3076 recipiendum,
587 2997 675 3056 tanta
690 2996 759 3056 erat
778 2989 1006 3055 exercitatione

99 3093 255 3175 celeritas,
300 3099 335 3157 nt
371 3095 454 3159 iubis
491 3115 649 3180 equorum
686 3093 843 3158 sublevati
881 3113 1007 3156 cursum

99 3196 327 3281 adaequarent.

163 3298 286 3364 XLIX.
327 3299 392 3364 Ubi
408 3321 481 3365 eum
498 3299 608 3364 castris
623 3319 694 3364 sese
710 3305 821 3362 tenere
836 3295 1007 3375 intellexit,
1028 3328 1039 3367 1

94 3423 140 3466 ne
172 3401 290 3466 diutius
324 3407 506 3466 commeatu
542 3401 775 3488 prohiberetur,
812 3399 896 3463 ultra
933 3417 1007 3460 eum
