2332 3892
163 218 222 278 102
543 219 576 269 V.
606 221 681 270 l-8.

159 389 394 475 Dumnorigem
410 392 597 473 contineret,
613 394 713 457 nihilo
730 401 837 457 tamen
852 394 952 458 setius
966 397 1072 460 omnia

60 548 63 555 .
123 495 228 560 seius·
245 499 390 564 ¹consilia
419 505 644 581 cognosceret3
674 499 804 563 tandem
826 506 962 564 nanctus
991 507 1074 564 tem·

158 607 317 683 pestatem
346 602 464 664 milites
495 602 681 684 equitesque
717 603 934 666 conscendere
971 605 1071 668 iubet.

123 711 192 768 sat
222 706 368 769 omnibus
405 705 558 788 inpeditis
587 705 770 769 Dumnorix
802 728 874 769 cum
911 708 1085 790 equitibus¹

158 808 347 873 Aeduorum
377 811 532 874 insciente
565 809 701 874 Caesare
733 811 863 875 domum
893 811 1072 876 discedere.

123 930 221 996 equa
249 933 283 976 re
321 913 466 976 nuntiata
496 912 615 977 Caesar
651 915 833 978 intermissa
870 917 1072 999 profectione

158 1023 252 1099 atque
277 1018 424 1081 omnibus
447 1018 542 1081 rebus
565 1019 753 1101 postpositis
777 1040 928 1103 magnam
946 1028 1073 1104 partem

158 1121 333 1202 equitatus.
347 1120 389 1184 ad
418 1141 491 1185 eum
521 1122 754 1205 insequendum
776 1125 864 1187 misit
885 1127 1073 1210 retrahique

122 1226 306 1308 iimperat3
337 1225 364 1287 si
390 1225 456 1290 vim
484 1225 598 1308 iaciat,
627 1226 762 1290 interfici
785 1227 890 1291 iubet:
922 1229 1013 1309 ,nihil
1037 1251 1072 1294 se

157 1331 290 1393 absente
312 1350 371 1412 pro
396 1351 472 1394 sano
496 1329 670 1412 facturum,
693 1332 746 1414 qui
768 1333 947 1414 praesentis
970 1333 1073 1416 impe·

122 1434 239 1498 orium
261 1430 479 1515 neglexisset}
523 1434 578 1496 ille
600 1441 769 1497 revocatus
791 1434 941 1498 resistere
966 1457 1004 1499 eo
1037 1458 1072 1500 se

157 1557 253 1599 manu
298 1535 472 1599 defendere
518 1556 711 1619 suorumque
757 1536 854 1599 fidem
898 1538 1072 1621 inplorare,

158 1659 254 1722 saepe
284 1638 449 1701 clamitans
479 1640 616 1702 liberum
644 1660 678 1703 se
708 1640 891 1723 liberaeque
922 1642 1071 1706 civitatis.

122 1769 134 1806 o
157 1743 213 1822 illi,
237 1748 273 1804 ut
297 1748 363 1804 erat
385 1742 587 1825 imperatum,
611 1744 846 1809 circumsistunt
861 1751 956 1828 atque
972 1747 1073 1810 inter·

156 1845 281 1925 ficiunt3
317 1852 349 1908 at
383 1845 506 1928 equites
537 1843 647 1909 Aedui
671 1846 720 1909 ad
753 1846 924 1911 Caesarem
958 1869 1073 1913 omnes

158 1955 372 2012 revertuntur.

123 2089 134 2127 1
222 2053 317 2116 VIII.
355 2054 416 2117 His
439 2055 534 2117 rebus
558 2055 673 2138 gestis,
706 2053 849 2119 Labieno
874 2074 947 2117 cum
969 2055 1072 2118 tribus

157 2158 341 2242 legionibus
365 2165 398 2221 et
421 2159 563 2240 equitum
587 2158 715 2220 milibus
740 2157 865 2222 duobus
888 2159 1011 2240 relicto,
1036 2167 1072 2222 ut

156 2270 269 2346 portus
299 2267 457 2340 tueretur,
490 2260 531 2322 de
563 2280 596 2323 re
632 2260 839 2323 frumentaria
873 2260 1072 2343 provideret,

158 2385 301 2447 quaeque
325 2365 358 2426 in
382 2363 488 2428 Gallia
511 2370 720 2452 cognosceret
749 2363 981 2446 consiliumque
1010 2384 1071 2446 pro

123 2475 303 2550 2tempore
327 2473 359 2529 et
388 2487 445 2549 pro
478 2486 512 2528 re
545 2472 692 2548 caperet,
723 2467 793 2549 ipse
826 2487 898 2528 cum
931 2467 1071 2549 quinque

156 2570 338 2654 legionibus
363 2575 395 2632 et
417 2569 486 2652 pari
509 2589 642 2633 numero
668 2569 810 2653 equitum
840 2567 881 2630 ad
910 2568 986 2630 solis
1018 2550 1073 2632 oc:

158 2695 265 2736 casum
288 2691 388 2735 naves
412 2671 516 2734 solvit.
553 2671 619 2734 leni
640 2670 750 2734 Africo
775 2676 946 2754 provectus
962 2669 1071 2734 media

158 2777 282 2840 circiter
304 2782 400 2839 nocte
423 2781 521 2838 vento
544 2775 726 2838 intermisso
744 2797 870 2838 cursum
886 2796 951 2837 non
966 2775 1072 2837 tenuit

157 2887 189 2943 et
220 2879 348 2963 longius
378 2879 502 2942 delatus
532 2885 622 2941 aestu
654 2885 723 2942 orta
750 2879 822 2940 luce
852 2877 910 2940 sub
942 2877 1070 2940 sinistra

122 3015 134 3053 3
156 2983 356 3046 Britanniam
378 2983 523 3046 relictam
540 2981 719 3064 conspexit.
749 2988 817 3044 tum
833 3001 940 3042 rursus
960 2985 1069 3042 aestus

157 3086 441 3151 commutationem
464 3093 591 3149 secutus
623 3085 802 3165 contendit,
831 3090 867 3146 ut
896 3104 968 3146 eam
997 3103 1068 3165 par·

154 3197 222 3253 tem
245 3191 368 3253 insulae
392 3195 530 3271 caperet,
554 3208 616 3271 qua
639 3189 795 3270 optimum
815 3207 884 3249 csse
903 3205 1067 3268 egressum

106 3321 133 3359 ,ι
156 3293 321 3375 superiore
345 3297 466 3354 aestate
491 3298 694 3374 cognoverat.
741 3311 802 3373 qua
830 3290 864 3352 in
892 3310 926 3351 re
957 3289 1067 3353 admo-

157 3394 232 3457 dum
261 3394 321 3456 fuit
343 3394 480 3456 militum
502 3394 602 3456 virtus
631 3393 805 3473 laudanda,
841 3393 894 3475 qui
917 3393 1067 3456 vectoriis
