2332 3892
156 235 219 297 218
503 235 578 284 vm.
608 235 721 284 so-ao.

155 407 311 490 impetus,
336 409 397 472 hoo
420 409 490 491 ipso
514 409 594 472 fiunt
617 410 815 491 superiores,
840 409 928 493 quod
950 410 1063 473 nullum

120 513 376 596 cimprudentes
407 520 597 596 acceperant
627 513 866 578 detrimentum.
918 514 1064 579 accedunt

154 616 287 700 propius
303 618 432 681 interim
447 619 593 701 legiones
611 619 776 702 crebrique
794 618 914 684 eodem
926 627 1063 702 tempore

154 721 272 785 nostris
295 729 328 784 et
351 722 498 785 hostibus
520 723 624 786 nuntii
640 722 828 787 adferuntur
841 725 1064 807 imperatorem

120 827 317 890 sinstructis
348 827 448 909 copiis
479 825 603 890 adesse.
656 846 718 910 qua
746 847 781 890 re
812 827 946 909 cognita
973 825 1063 890 nostri

156 930 311 994 acerrime
328 930 537 1013 proeliantur,
553 951 604 1011 ne,
622 930 649 992 si
664 929 787 992 tardius
805 951 875 993 rem
886 931 1063 1014 gessissent,

155 1035 309 1099 victoriae
339 1034 476 1118 gloriam
508 1033 761 1098 communicasse
792 1054 865 1096 cum
890 1033 1064 1118 legionibus

156 1138 354 1218 viderentur3
371 1137 481 1200 hostes
492 1135 664 1200 concidunt
674 1137 788 1199 animis
798 1143 895 1220 atque
906 1137 1063 1201 itineribus

121 1273 132 1310 a
157 1240 291 1304 diversis
309 1241 420 1324 fugam
435 1246 601 1324 quaerunt.
629 1241 839 1323 nequiquam:
855 1262 943 1325 nam,
959 1242 1063 1325 quibus

157 1346 397 1410 difficultatibus
405 1344 724 1411 locorumRomanos
735 1343 886 1407 claudere
895 1346 1063 1425 voluerant,

122 1480 133 1517 τ
157 1451 219 1533 ipsi
242 1450 443 1514 tenebantur.
483 1450 561 1514 victi
583 1449 802 1533 perculsique,
834 1451 960 1514 maiore
984 1457 1063 1534 parte

157 1554 290 1633 amissa,
320 1574 383 1637 quo
413 1553 479 1617 fors
501 1554 635 1635 tulerat,
667 1554 863 1617 consternati
885 1555 1064 1639 profugiunt

158 1656 226 1740 (qui
248 1663 357 1720 tamen
378 1658 412 1720 in
434 1657 511 1740 fuga
530 1657 682 1720 anostris
698 1657 814 1720 acriter
830 1658 1064 1742 insequentibus

121 1791 133 1828 s
159 1759 389 1844 conficiuntur),
415 1783 487 1825 cum
509 1761 638 1825 interim
653 1760 741 1824 nulla
765 1760 948 1826 calamitate
972 1762 1064 1826 victus

158 1866 296 1931 Correus
319 1866 478 1930 excedere
500 1865 625 1949 proelio
650 1866 810 1948 silvasque
826 1872 941 1948 petere
958 1873 1014 1931 aut
1027 1866 1064 1929 in·

156 1972 330 2039 vitantibus
361 1971 479 2035 nostris
509 1970 550 2035 ad
580 1969 780 2034 deditionem
808 1971 917 2053 potuit
947 1969 1064 2034 adduci.

122 2100 133 2139 1
221 2075 297 2139 XX.
329 2075 400 2139 Tali
431 2074 528 2139 modo
558 2094 594 2137 re
623 2081 717 2159 gesta
745 2073 931 2138 recentibus
960 2073 1066 2158 proelii

156 2181 301 2264 vestigiis
324 2181 489 2264 ingressus
506 2179 635 2260 Caesar,
659 2198 732 2242 cum
754 2178 859 2243 victos
882 2185 975 2244 tanta
995 2180 1067 2244 cala·

158 2286 268 2349 mitate
299 2284 499 2347 existimaret
533 2283 645 2352 hostes
673 2281 782 2346 locum
816 2288 998 2347 castrorum
1026 2301 1066 2345 re·

158 2389 299 2469 ficturos,
329 2407 410 2470 quae
441 2407 507 2449 non
537 2385 665 2469 longius
697 2384 736 2447 ab
766 2404 805 2448 ea
827 2385 929 2449 caede
961 2387 1065 2450 abesse

160 2513 312 2574 passuum
329 2498 401 2556 octo
421 2490 550 2553 milibus
568 2488 765 2570 dicebantur,
790 2489 922 2552 tametsi
944 2490 1066 2553 flumine

160 2594 340 2677 inpeditum
384 2594 553 2658 transitum
590 2591 740 2674 videbat,
781 2598 893 2656 tamen
931 2595 1067 2658 exercitu

124 2697 306 2762 ntraduoto
344 2699 560 2783 progreditur.
605 2704 638 2761 at
668 2697 836 2761 Bellovaci
867 2698 1065 2782 reliquaeque

160 2804 306 2868 civitates
335 2808 469 2886 repente
500 2823 541 2865 ex
570 2801 647 2884 fuga
674 2800 785 2885 paucis
813 2807 910 2884 atque
933 2801 986 2883 his
1008 2800 1066 2865 vul·

159 2907 278 2971 noratis
310 2906 465 2989 receptis,
504 2906 557 2988 qui
589 2906 742 2970 silvarum
774 2904 933 2970 beneficio
968 2925 1063 2970 casum

160 3012 373 3090 evitaverant,
398 3010 546 3073 omnibus
570 3009 723 3091 adversis,
746 3009 918 3075 interfecto
944 3010 1063 3087 Correo,

160 3115 276 3179 amisso
302 3115 445 3197 equitatu
469 3121 501 3178 et
523 3114 705 3181 fortissimis
727 3114 903 3198 peditibus,
928 3138 1000 3180 cum
1015 3112 1063 3178 ad·

159 3226 290 3284 ventare
313 3219 479 3284 Romanos
509 3220 746 3299 existimarent,
775 3220 912 3285 concilio
942 3225 1061 3305 repente

161 3332 255 3388 cantu
278 3324 427 3388 tubarum
451 3329 627 3386 convocato
650 3323 850 3386 conclamant
875 3325 994 3407 ,legati
1017 3321 1061 3386 ob·

161 3428 247 3492 sides
270 3428 312 3492 ad
336 3428 507 3492 Caesarem
530 3423 715 3491 mittantur‘.
