2332 3892
163 249 204 310 30
533 249 555 298 1.
583 250 694 300 ‹rr-42.

157 440 240 482 mam
263 419 359 484 fidem
380 419 528 502 habebat,
552 427 587 483 ut
609 422 730 483 milium
751 421 886 505 amplius
909 421 1063 506 quinqua·

155 523 244 605 ginta
266 525 400 587 circuitu
423 524 501 586 locis
524 524 642 607 apertis
658 525 834 587 exercitum
858 525 1002 607 duceret,
1025 524 1065 588 de

121 656 133 693 5
155 631 268 708 quarta
289 626 408 710 vigilia,
432 632 468 688 ut
491 626 625 706 dixerat,
650 627 812 711 profectus
832 635 889 692 est.
928 630 1063 712 septimo

156 729 218 811 die,
242 751 313 793 cum
336 730 397 794 iter
412 750 478 792 non
493 730 729 812 intermitteret,
753 732 792 795 ab
809 733 1065 815 exploratoribus

156 833 273 896 certior
296 832 398 896 factus
415 837 463 897 est
478 832 634 896 Ariovisti
649 834 756 917 copias
773 834 899 898 milibus
915 857 1065 919 passuum

156 941 306 1018 quattuor
330 942 362 999 et
384 960 426 999 xx
450 936 572 1000 abesse.

120 1068 132 1105 1
240 1037 346 1101 XLII.
389 1038 526 1121 Cognito
560 1039 701 1104 adventu
729 1041 911 1105 Ariovistus
940 1043 1065 1126 legatos

155 1139 196 1203 ad
219 1161 294 1204 eum
317 1142 431 1204 mittit:
456 1141 553 1226 ‚quod
577 1149 672 1206 antea
695 1142 734 1206 de
759 1145 930 1227 conloquio
953 1153 1064 1229 postu-

155 1244 268 1327 lasset,
297 1243 332 1307 id
360 1266 418 1329 per
449 1266 482 1309 se
511 1246 581 1309 fieri
610 1246 726 1327 licere,
759 1248 910 1330 quoniam
933 1249 1065 1333 propius

148 1348 343 1420 ,accessisset
372 1369 470 1432 seque
487 1347 535 1411 ‚id
564 1349 631 1412 sine
660 1349 803 1432 periculo
834 1350 938 1436 facero
969 1372 1064 1434 posse

121 1451 376 1518 aexistimaret.‘
428 1473 493 1516 non
534 1453 656 1539 respuit
690 1437 909 1517 condicionem
948 1452 1064 1518 ansar

155 1556 282 1641 iamque
317 1577 392 1621 eum
421 1554 462 1620 ad
496 1558 665 1621 sanitatem
695 1556 814 1620 reverti
843 1555 1065 1641 arbitrabatur,

156 1681 228 1724 oum
261 1659 314 1742 id,
346 1659 433 1744 quod
461 1666 556 1725 antea
586 1660 710 1744 petenti
742 1658 949 1742 denegasset,
982 1660 1063 1724 ultro

122 1790 133 1828 a
156 1762 378 1847 polliceretur,
408 1783 620 1846 magnamque
642 1763 675 1825 in
697 1782 788 1845 spem
810 1760 976 1841 veniebat,
1005 1782 1064 1846 pro

157 1866 220 1930 suis
243 1866 339 1930 tantis
367 1866 542 1950 populique
564 1865 703 1929 Romani
731 1866 763 1928 in
794 1884 867 1929 eum
890 1864 1062 1946 beneficiis,

157 1970 293 2053 cognitis
316 1970 380 2032 suis
401 1968 569 2053 postulatis
591 1969 676 2051 iore,
706 1967 751 2031 uti
781 1966 956 2051 pertinacia
980 1966 1064 2030 desi-

157 2079 265 2138 steret.
304 2071 371 2136 dies
395 2072 566 2155 conloquio
592 2071 694 2134 dictus
723 2076 836 2135 estex
860 2090 902 2139 eo,
923 2069 1061 2153 quintus.

122 2177 283 2253 linterim
313 2195 409 2260 saepe
442 2197 513 2239 cum
541 2175 640 2258 legati
668 2177 752 2239 iuter
775 2195 830 2239 eos
853 2175 1065 2257 mitterentur,

155 2278 335 2343 Ariovistus
357 2276 541 2362 postulavit,
564 2300 702 2363 nequem
724 2277 867 2361 peditem
889 2275 931 2340 ad
954 2279 1065 2342 conlo-

156 2385 266 2468 quium
304 2382 422 2446 Caesar
459 2380 653 2445 adduceret:
691 2381 805 2461 ,vereri
843 2401 891 2462 se,
929 2401 970 2444 ne
1007 2402 1067 2465 per

156 2485 286 2550 insidias
318 2484 617 2564 circumveniretur3
649 2489 783 2566 uterque
817 2504 890 2546 oum
922 2485 1065 2566 equitatu

123 2613 135 2650 e
156 2589 296 2668 veniret;
319 2588 381 2650 alia
402 2587 524 2650 ratione
540 2608 605 2650 non
621 2607 691 2651 esse
707 2583 898 2651 venturum.‘
937 2586 1065 2672 Caesar,

157 2690 249 2777 quod.
274 2711 378 2774 neque
410 2691 615 2775 conloquium
644 2690 834 2774 interposita
867 2710 962 2752 causa
995 2691 1065 2755 tolli

157 2794 286 2859 volebat
308 2813 412 2877 neque
442 2794 577 2858 salutem
606 2814 695 2857 suam
721 2792 886 2856 Gallorum
910 2793 1065 2876 equitatui

158 2899 366 2978 committere,
391 2896 682 2960 commodissimum
699 2916 769 2960 esse
786 2896 895 2958 statuit
919 2897 1065 2960 omnibus

158 3003 247 3088 equis
271 3001 371 3066 Gallis
395 3001 552 3085 equitibus
577 3000 726 3064 detractis
740 2999 934 3082 legionarios
947 2999 1065 3064 milites

157 3106 294 3190 legionis
321 3105 462 3168 decimae
486 3105 658 3188 inponere,
685 3110 721 3166 ut
750 3102 946 3186 praesidium
969 3124 1064 3187 quam

20 3191 23 3198 ’
123 3208 400 3290 ramicissimum,
428 3207 532 3291 siquid
563 3227 642 3291 opus
665 3210 765 3287 esset,
788 3205 932 3269 haberet.
978 3205 1065 3289 quod

159 3333 231 3376 cum
261 3313 371 3394 fieret,
400 3332 464 3374 non
496 3310 661 3374 inridicule
691 3309 819 3394 quidam
849 3330 891 3372 ex
913 3308 1064 3372 militibus

160 3414 301 3479 decimae
340 3415 478 3498 legionis
519 3413 615 3477 dixit:
653 3414 734 3497 ,plus
772 3433 866 3496 quam
904 3411 1064 3496 pollicitus
