2332 3892
523 254 557 304 V.
586 253 660 305 2-3.
997 253 1037 316 99

129 424 228 487 citum
256 424 475 508 proficiscitur.
522 425 693 490 circumitis
724 426 869 490 omnibus
896 425 1072 490 hibernisr

128 528 285 610 singulari
308 530 445 593 militum
468 529 573 593 studio
596 529 630 591 in
653 550 777 593 summa
798 551 904 593 rerum
930 531 1039 613 inopia

128 632 257 695 circiter
285 640 447 697 sescentas
478 633 545 696 eius
577 633 720 717 generis,
753 634 841 696 cuius
865 654 961 716 supra
983 632 1039 696 de-

126 737 395 818 monstravimus,
418 756 517 800 naves
541 742 573 799 et
595 736 708 818 longas
732 760 826 799 xxvnr
847 737 969 800 invenit
991 738 1039 799 in·

126 847 265 903 structas
287 861 391 923 neque
415 841 550 903 multum
573 839 703 920 abesse,
734 840 810 923 quin
838 840 948 923 paucis
972 839 1039 903 die·

128 946 191 1009 bus
216 945 331 1008 deduci
354 945 487 1028 possint.
533 942 731 1008 conlaudatis
759 943 912 1007 militibus
943 949 1038 1025 atque
1059 965 1072 1004 a

127 1048 185 1128 iis,
216 1048 269 1130 qui
296 1049 442 1130 negotio
458 1046 677 1131 praefuerant,
708 1067 818 1110 omnes
847 1046 888 1110 ad
910 1054 1039 1130 portum

125 1151 229 1215 ltium
252 1152 422 1215 convenire
452 1151 558 1230 iubet,
590 1149 885 1215 commodissimum
913 1150 947 1213 in
968 1150 1040 1213 Bri·

125 1254 272 1317 tanniam
294 1254 478 1335 traiectum,
508 1253 634 1316 circiter
655 1253 778 1316 milium
801 1273 953 1336 passuum
975 1277 1039 1318 xxx

126 1379 149 1421 a
173 1357 365 1421 continenti:
396 1357 470 1421 huic
492 1357 539 1420 rei
563 1356 649 1439 quod
671 1338 748 1419 satis
771 1376 841 1418 esse
863 1356 967 1420 visum
990 1363 1039 1420 est

127 1461 278 1542 militum,
303 1460 441 1544 reliquit.
487 1461 556 1544 ipse
580 1481 652 1523 oum
673 1460 854 1543 legionibus
878 1459 1072 1543 expeditior

126 1587 159 1626 1v
190 1570 223 1626 et
254 1563 412 1646 equitibus
444 1586 518 1628 noco
549 1563 583 1626 in
613 1562 692 1626 fines
721 1562 934 1627 Treverorum
964 1585 1038 1647 pro·

126 1667 289 1749 ficiscitur,
312 1665 398 1749 quod
420 1685 524 1749 neque
547 1665 589 1728 ad
612 1666 748 1729 concilia
769 1666 941 1730 veniebant
957 1667 1038 1730 Ger·

126 1789 305 1853 manosque
327 1768 589 1832 Transrhenanos
613 1768 783 1832 sollicitare
808 1769 1003 1832 dicebantur.

193 1872 256 1936 HI.
289 1871 329 1936 In
352 1893 390 1936 ea
413 1873 540 1936 civitate
564 1871 628 1935 duo
652 1870 692 1934 de
709 1871 888 1954 principatu
903 1871 987 1934 inter
1002 1891 1036 1934 se
1061 1891 1071 1930 1

125 1975 382 2057 contendebant,
423 1974 662 2038 Indutiomarus
700 1979 732 2037 et
771 1972 973 2056 Cingetorix3
1019 1993 1072 2036 ea

126 2079 244 2162 quibus
266 2080 362 2162 alter,
392 2080 487 2142 simul
509 2086 603 2161 atque
627 2076 667 2140 de
692 2076 838 2139 Caesaris
859 2076 1037 2159 legionum·
1059 2097 1071 2135 s

126 2202 191 2265 que
221 2182 362 2246 adventu
391 2182 555 2266 cognitum
585 2186 647 2262 est,
680 2179 721 2242 ad
753 2200 826 2243 eum
855 2179 958 2243 venit:
991 2200 1036 2261 ,se

127 2305 268 2368 suosque
293 2306 403 2350 omnes
426 2286 459 2349 in
483 2285 587 2349 officio
611 2285 734 2348 futuros
756 2303 860 2367 neque
889 2283 929 2346 ab
960 2285 1037 2346 ami-

127 2390 204 2454 citia
225 2391 338 2473 populi
351 2389 492 2454 Romani
515 2384 717 2453 defecturos‘
748 2394 780 2451 at
799 2385 1036 2451 Indutiomarus
1058 2401 1072 2440 ⁴

127 2492 306 2576 equitatum
335 2492 576 2576 peditatumque
605 2513 721 2576 cogere
745 2492 871 2575 eisque,
903 2493 957 2576 qui
978 2513 1037 2576 per

125 2603 269 2659 aetatem
291 2595 325 2658 in
347 2596 442 2659 armis
472 2615 542 2659 esse
574 2617 639 2659 non
667 2602 825 2678 poterant,
859 2596 892 2658 in
924 2597 1037 2660 silvam

127 2695 340 2761 Arduennam
378 2696 495 2761 abditis
528 2696 622 2781 (quae
655 2699 778 2782 ingenti
817 2699 1036 2781 magnitudine

128 2821 187 2883 per
215 2798 341 2863 medios
370 2799 449 2863 fines
478 2798 691 2865 Treverorum
722 2823 740 2864 a
768 2801 897 2863 flumine
920 2801 1035 2867 Rheno

128 2903 170 2966 ad
198 2903 326 2966 initium
355 2902 532 2967 Remorum
563 2901 715 2987 pertinet)
750 2903 871 2967 bellum
906 2925 1035 2987 parare3

129 3012 243 3089 postea
275 3024 370 3087 quam
400 3007 544 3070 nonnulli
574 3007 734 3090 principes
775 3014 808 3070 et
848 3009 1070 3072 auctoritates

131 3107 348 3193 Cingetorigis
377 3107 507 3173 adducti
537 3115 569 3173 et
599 3109 739 3175 adventu
775 3111 934 3175 exercitus
965 3133 1036 3195 per·

131 3213 233 3275 territi
251 3210 294 3274 ad
313 3210 484 3275 Caesarem
506 3220 678 3277 venerunt:
703 3212 754 3295 ,de
776 3214 840 3277 suis
863 3215 958 3277 rebus
981 3236 1037 3298 pe-

131 3321 209 3398 tere,
233 3315 356 3378 civitati
378 3317 543 3379 consulere
567 3338 631 3381 non
651 3314 768 3400 posse‘,
792 3317 972 3381 veritusne
996 3320 1035 3383 ab

132 3417 279 3482 omnibus
302 3416 513 3515 desereretur,
535 3419 660 3502 legatos
680 3419 720 3482 ad
737 3418 907 3482 Gaesarem
923 3421 1035 3484 mittit:

843 3524 857 3570 6
866 3519 882 3552 ᾖ
