2332 3892
250 247 289 308 1ss
622 246 643 294 r.
673 246 782 294 aa-ac.

248 439 310 503 quo
335 424 513 500 consuerat,
535 418 702 483 intervallo
718 417 828 480 hostes
852 417 993 500 sequitur
1016 421 1049 479 et
1069 416 1157 478 milia

247 543 398 605 passuum
420 522 485 595 tria⁴
504 522 542 584 ab
560 542 677 586 eorum
700 520 810 584 castris
834 526 936 582 castra
958 519 1058 603 ponit.

214 653 225 692 1
312 625 441 688 XXIII.
479 625 639 689 Postridie
678 626 747 689 eius
784 625 864 706 diei,
902 623 988 708 quod
1026 625 1155 686 omniuo

247 729 380 793 biduum
396 735 570 813 supererat,
587 749 659 792 cum
676 729 831 792 exercitui
843 727 1037 791 frumentum
1051 728 1154 790 metiri

249 839 422 918 oporteret,
446 840 479 897 et
501 834 588 918 quod
611 855 631 896 a
648 833 808 914 Bibracte,
833 831 951 916 oppido
967 831 1157 895 Aeduorum

247 939 345 1022 longe
383 939 523 1002 maximo
563 943 596 1002 et
635 938 875 1020 copiosissime,
912 957 977 999 non
1023 936 1157 1017 amplius

248 1042 375 1105 milibus
404 1063 555 1126 passuum
585 1066 657 1105 xvm
693 1042 817 1121 aberat,
853 1040 901 1104 rei
931 1039 1157 1103 frumentariae

248 1145 508 1230 prospiciendum
524 1144 735 1209 existimarit:
757 1144 818 1208 iter
833 1144 871 1207 ab
890 1143 1050 1207 Helvetiis
1066 1165 1156 1207 aver-

215 1250 288 1312 atit
316 1270 353 1312 ac
381 1249 530 1313 Bibracte
562 1247 737 1311 contendit.
784 1267 895 1310 cares
924 1267 981 1329 per
1007 1246 1159 1329 fugitivos

247 1352 285 1416 L.
301 1352 441 1434 Aemilii,
459 1350 639 1415 decurionis
656 1352 798 1434 equitum
816 1350 992 1431 Gallorum,
1013 1351 1159 1415 hostibus

214 1458 422 1520 enuntiatur.
467 1456 620 1539 Helvetii,
644 1477 701 1519 seu
723 1454 810 1539 quod
833 1455 948 1518 timore
971 1456 1159 1538 perterritos

232 1553 413 1624 'Romanos
437 1558 603 1623 discedere
628 1580 647 1620 a
668 1579 701 1621 se
727 1559 960 1635 existimarent,
984 1578 1023 1620 eo
1046 1560 1159 1641 magis,

249 1665 337 1748 quod
359 1663 461 1747 pridie
486 1661 701 1745 superioribus
723 1663 802 1725 locis
819 1653 989 1744 occupatis
1002 1661 1159 1744 proelium

249 1789 316 1830 non
339 1764 587 1845 commisissent,
613 1765 679 1828 sive
703 1786 757 1842 eo,
788 1764 874 1847 quod
897 1785 931 1827 re
953 1764 1160 1827 frumentaria

250 1871 421 1935 intercludi
442 1889 536 1953 posse
562 1866 775 1948 confiderent,
805 1872 999 1930 commutato
1027 1859 1158 1929 consilio

252 1981 346 2059 atque
363 1974 476 2036 itinere
493 1992 648 2035 converso
666 1993 684 2033 a
699 1971 873 2034 novissimo
891 1970 1017 2051 agmine
1036 1970 1160 2053 insequi

252 2100 288 2142 ac
311 2079 478 2141 lacessere.

213 2209 229 2250 '1
316 2179 441 2243 XXIV.
473 2180 649 2263 Postquam
670 2179 704 2242 id
725 2179 864 2242 animum
880 2179 1026 2260 advertit,
1052 2180 1160 2262 copias

251 2304 325 2346 suas
350 2282 466 2346 Caesar
487 2282 519 2343 in
542 2283 725 2365 proximum
740 2281 855 2344 collem
874 2280 1021 2344 subducit
1037 2282 1159 2364 equita-

252 2393 398 2470 tumque,
433 2385 487 2468 qui
510 2381 681 2448 sustineret
703 2383 842 2447 hostium
865 2385 1035 2468 Impetum,
1064 2386 1158 2449 misit.

218 2490 320 2573 aipse
345 2488 473 2550 interim
501 2487 534 2548 in
566 2487 648 2551 colle
677 2486 835 2570 triplicem
866 2489 967 2550 aciem
994 2490 1158 2553 instruxit:

252 2593 416 2675 legionum
441 2595 599 2673 quattuor,
622 2595 858 2671 veteranorum,
882 2592 915 2653 in
937 2612 1061 2654 summo
1083 2595 1158 2676 iugc

255 2696 331 2758 duas
354 2694 513 2776 legiones,
545 2714 622 2777 quas
651 2696 684 2758 in
709 2694 812 2757 Gallia
842 2696 988 2760 citeriore
1012 2700 1158 2780 proxime

218 2825 231 2862 a
253 2799 493 2882 conscripserat,
517 2804 549 2862 et
573 2800 679 2861 omnia
701 2800 834 2880 auxilia3
859 2800 997 2862 sarcinas
1014 2801 1046 2863 in
1061 2824 1158 2864 unum

252 2905 358 2966 locum
382 2901 518 2965 conferri
547 2909 675 2965 etcum
700 2904 825 2985 abhis,
854 2905 908 2988 qui
937 2905 969 2966 in
995 2907 1159 2989 superiore

218 3005 323 3068 racie
353 3004 579 3087 constiterant,
612 3008 726 3070 muniri
757 3009 856 3072 iussit.
911 3008 1054 3072 Helvetii
1087 3032 1159 3074 cum

255 3108 400 3172 omnibus
423 3109 519 3170 carris
540 3111 641 3173 secuti
661 3111 878 3195 inpedimenta
891 3111 924 3173 in
939 3132 1036 3174 unum
1051 3114 1158 3177 locum

252 3213 468 3293 contulerunt,
497 3213 557 3296 ipsi
579 3214 698 3277 reiecto
729 3217 872 3299 equitatu
894 3215 1052 3299 phalange
1075 3216 1159 3280 facta

252 3316 309 3380 sub
332 3316 466 3399 primam
489 3316 590 3378 aciem
614 3324 843 3382 successerunt.

220 3448 231 3485 1
316 3418 424 3482 XXV.
458 3419 575 3483 Caesar
604 3423 741 3506 prImum
772 3443 845 3505 suo,
876 3422 992 3486 deinde
1016 3425 1157 3487 omnium
