2332 3892
160 219 223 281 220
507 218 583 268 vrrr.
613 219 726 267 23-24.

160 394 325 476 superiore
355 414 438 456 anno
468 391 504 454 T.
533 391 712 474 Labienus,
744 391 882 455 Caesare
913 392 948 456 in
972 392 1067 456 Gallia

160 498 307 563 citeriore
331 497 380 560 ius
404 496 540 578 dicente,
568 517 639 559 cum
660 494 843 559 Commium
867 497 1068 580 comperisset

159 602 332 666 sollicitare
363 601 507 664 civitates
538 606 570 663 et
600 600 856 663 coniurationem
876 599 1001 680 facere,
1028 601 1068 669 in·

158 706 347 770 fidelitatem
378 705 446 769 eius
474 705 542 767 sine
565 704 632 766 ulla
653 703 789 786 perfidia
811 702 968 771 iudicavit
991 725 1068 768 com·

123 826 136 862 4
158 811 253 893 primi
276 830 383 894 posse.
416 829 512 892 quem
527 809 681 890 quianon
697 806 912 870 arbitrabatur
927 814 1068 871 vocatum

158 920 338 994 venturum,
354 934 395 977 ne
412 912 601 996 temptando
621 913 798 976 cautiorem
813 912 946 995 faceret,
965 912 999 976 O.
1011 912 1068 976 Vo-

157 1021 306 1083 lusenum
330 1017 530 1093 Quadratum
552 1017 656 1099 misit,
690 1018 744 1100 qui
768 1038 842 1081 eum
865 1038 926 1100 per
949 1018 1068 1081 simula·
1103 1001 1105 1005 ,

124 1138 136 1175 ⁵
157 1125 281 1189 tionem
304 1123 455 1207 colloquii
486 1128 611 1186 curaret
638 1121 904 1186 interficiendum.
940 1121 1068 1187 adeam

157 1249 227 1292 rem
260 1226 403 1291 delectos
437 1226 534 1290 tradit
568 1229 782 1291 centuriones
836 1249 909 1292 oum
941 1229 975 1292 in
1005 1250 1069 1293 con-

157 1333 302 1415 loquium
324 1338 456 1395 ventum
480 1337 564 1395 esset
588 1338 636 1410 et,
659 1339 694 1395 ut
718 1337 923 1414 convenerat,
948 1352 1070 1395 manum

160 1436 299 1501 Commii
317 1436 504 1500 Volusenus
528 1437 724 1520 arripuisset,
749 1436 894 1500 centurio
921 1435 1070 1500 conficere

123 1551 135 1588 ⁶
157 1562 222 1604 non
244 1541 366 1624 potuit;
390 1541 532 1622 graviter
554 1546 663 1606 tamen
685 1541 834 1625 percutit.
865 1562 940 1605 cum
963 1540 1067 1604 utrim·

158 1665 220 1730 que
236 1644 337 1726 gladii
354 1643 499 1708 destricti
514 1651 631 1728 essent,
648 1666 713 1710 non
728 1651 795 1708 tam
804 1643 973 1728 pugnandi
984 1665 1070 1729 quam

159 1748 349 1834 diffugiendi
371 1749 429 1812 fuit
454 1755 663 1834 utrorumque
677 1749 863 1814 consilium:
880 1754 1069 1828 nostrorum,

159 1853 246 1937 quod
270 1853 437 1916 mortifero
457 1853 591 1929 vulnere
609 1851 791 1915 Commium
808 1851 984 1935 adfectum,
1002 1851 1069 1916 Gal·

158 1957 273 2039 lorum,
296 1956 384 2041 quod
397 1957 499 2040 plura,
521 1977 616 2041 quam
632 1955 794 2037 videbant,
810 1957 1068 2022 extimescebam.

159 2083 221 2146 quo
237 2060 322 2124 facto
336 2060 502 2125 Commius
517 2080 693 2144 numquam
702 2060 735 2123 in
747 2065 960 2143 conspectum
972 2062 1068 2125 cuius·

77 2251 80 2255 .
158 2188 254 2251 quam
277 2166 419 2230 Romani
441 2167 563 2230 venire.

122 2288 133 2326 1
222 2270 348 2335 XXIV.
383 2269 511 2350 Caesar,
535 2291 607 2339 cum
631 2268 758 2334 videret
774 2267 894 2331 nullam
913 2289 984 2332 esse
1001 2268 1068 2332 civi-

158 2379 269 2455 tatem,
293 2395 374 2458 quae
399 2373 460 2436 sibi
482 2373 659 2454 resisteret,
682 2372 856 2436 nonnullos
881 2393 925 2436 ex
950 2371 1070 2457 oppidis

161 2476 358 2560 demigrare,
391 2498 432 2541 ex
462 2478 547 2559 agris
579 2476 736 2560 diffugere
768 2475 809 2539 ad
838 2496 996 2559 praesens
1017 2476 1070 2538 im·

157 2581 285 2664 perium
309 2582 504 2663 evitandum,
527 2582 636 2666 plures
659 2582 691 2645 in
705 2586 814 2666 partes
831 2582 1015 2645 exercitum
1031 2580 1069 2643 di-

123 2709 135 2747 r
159 2685 287 2748 mittere
313 2685 487 2749 constituit.
519 2685 563 2748 M.
579 2685 758 2749 Antonium
782 2690 991 2770 quaestorem
1007 2705 1070 2750 oum

157 2789 288 2872 legione
314 2787 506 2852 duodecima
529 2788 589 2852 sibi
612 2789 787 2871 coniungit.
823 2787 859 2852 Ο.
875 2787 1017 2852 Fabium
1031 2788 1070 2852 le·

158 2899 269 2976 gotum
293 2914 365 2956 curn
386 2892 572 2957 cohortibus
587 2918 649 2957 xxv
663 2894 761 2956 mittit
777 2895 810 2957 in
827 2892 1071 2959 diversissimam

156 3004 293 3082 partem,
318 2996 405 3082 quod
428 2997 472 3060 ibi
495 2997 650 3082 quasdam
668 2999 815 3062 civitates
837 2998 870 3061 in
893 2998 991 3062 armis
1008 3015 1070 3062 esse

158 3101 309 3165 audiebat
339 3121 445 3186 neque
479 3099 514 3164 O.
549 3099 717 3164 Caninium
745 3101 899 3165 Rebilum
932 3101 1070 3188 legatum

158 3206 235 3269 satis
268 3205 374 3268 firmas
409 3204 488 3267 duas
521 3204 670 3287 legiones
703 3205 823 3270 habere
859 3205 1068 3270 existimabat·

121 3336 133 3374 s
157 3310 192 3373 T.
199 3309 379 3373 Labienum
395 3308 486 3373 adse
504 3316 634 3390 evocat,
650 3309 815 3395 legionem
827 3335 888 3393 xv,
904 3332 989 3396 quae
1003 3328 1067 3374 cun

159 3435 198 3479 eo
228 3414 332 3478 fuerat
362 3414 395 3477 in
421 3414 580 3496 hibernis,
609 3414 642 3477 in
666 3422 810 3500 togatam
832 3415 932 3478 mittit
956 3414 998 3479 ad
1021 3434 1066 3478 oo·
