2332 3892
145 241 208 304 134
537 245 585 295 v1.
614 247 692 296 o-r.

155 405 200 470 M.
225 403 339 468 Crasso
369 410 553 486 quaestore,
583 404 729 467 celeriter
758 401 880 467 effectis
908 403 1058 488 pontibus

156 507 223 572 adit
245 508 413 593 tripertito,
436 508 580 573 aedificia
600 508 752 592 vicosque
768 505 920 589 incendit,
944 529 1058 591 magno

120 631 135 669 a
154 612 281 696 pecoris
304 618 398 696 atque
420 613 585 677 hominum
606 597 739 676 numero
770 610 901 694 potitur.
947 611 1059 695 quibus

121 716 251 780 erebus
284 717 386 780 coacti
407 717 549 800 Menapii
580 717 705 801 legatos
736 716 875 779 mittunt.
920 715 977 779 ille
1006 716 1059 780 ob·

157 818 277 883 sidibus
307 820 446 903 acceptis
475 820 601 884 hostem
630 840 664 883 se
692 819 856 883 habituros
886 818 1058 900 confirmat,

99 959 106 968 ·
157 922 184 986 si
205 928 260 986 aut
280 919 505 1007 Ambiorigem
526 929 581 987 aut
603 923 671 986 eius
699 922 824 1006 legatos
852 920 970 986 finibus
997 923 1059 986 suis

121 1025 362 1108 sracepissent.
409 1023 589 1090 Commium
610 1024 799 1089 Atrebatem
822 1045 895 1089 cum
919 1026 1058 1111 equitatu

50 1123 52 1125 ¹
155 1129 190 1193 in
219 1127 377 1212 Menapiis
408 1129 573 1213 relinquit,
611 1127 681 1212 ipse
711 1127 746 1192 in
774 1125 934 1192 Treveros
969 1128 1059 1213 profi·

158 1232 294 1296 ciscitur.
800 1221 801 1224 ¹
900 1227 903 1229 Α

121 1359 134 1399 1
221 1333 296 1398 VII.
334 1334 421 1398 Dum
441 1335 522 1399 haec
543 1355 562 1398 a
586 1318 722 1424 Caesare
745 1341 909 1420 geruntur,
930 1335 1057 1400 Treveri

156 1439 281 1522 magnis
304 1439 421 1502 coactis
443 1437 605 1523 peditatus
628 1439 848 1522 equitatusque
878 1438 980 1522 copiis
1002 1438 1058 1502 La·

122 1541 287 1605 abienum
308 1539 426 1605 adoriri
447 1541 602 1625 parabant
623 1541 750 1625 iamque
773 1541 813 1605 ab
837 1561 876 1606 eo
899 1563 967 1606 non
993 1542 1057 1606 lon·

157 1645 228 1729 gius
254 1644 345 1708 bidui
374 1644 521 1726 aberant,
554 1665 625 1708 cum
654 1643 732 1708 duas
761 1645 888 1709 venisse
917 1645 1058 1729 legiones

122 1770 135 1809 s
157 1749 257 1812 missu
281 1747 426 1812 Caesaris
449 1755 654 1832 cognoscunt.
691 1747 804 1834 positis
828 1747 940 1812 castris
963 1769 984 1811 a
1004 1748 1056 1812 mi·

156 1851 240 1914 libus
262 1871 414 1934 passuum
435 1874 475 1914 xv
497 1851 616 1915 auxilia
639 1858 826 1934 exspectare
856 1851 1056 1915 constituunt.

122 1975 136 2014 4
156 1951 317 2017 Labienus
339 1952 480 2018 hostium
496 1973 627 2037 sperans
641 1954 821 2016 temeritate
836 1951 905 2018 fore
921 1954 1054 2037 aliquam

158 2056 329 2121 dimicandi
350 2057 553 2137 facultatem,
577 2054 738 2140 praesidio
761 2055 991 2138 inpedimentis
1011 2075 1055 2119 re·

155 2162 232 2227 licto
257 2182 329 2226 cum
357 2159 471 2243 viginti
500 2159 638 2243 quinque
668 2158 851 2228 cohortibus
881 2177 1055 2244 magnoque

158 2265 300 2350 equitatu
321 2262 531 2345 proficiscitur
553 2267 586 2325 et
608 2261 695 2325 mille
713 2268 865 2344 passu'um
880 2261 1055 2326 intermisso

123 2395 136 2432 s
158 2367 261 2450 spatio
273 2370 375 2429 castra
391 2363 574 2428 communit.
598 2370 666 2427 erat
681 2363 764 2426 inter
772 2362 953 2430 Labienum
969 2373 1055 2450 atque

157 2471 284 2533 hostem
315 2466 435 2531 difficili
467 2467 601 2531 transitu
637 2467 755 2531 flumen
793 2469 936 2554 ripisque
971 2489 1056 2555 prae·

157 2570 268 2654 ruptis.
311 2569 374 2633 hoc
403 2588 508 2653 neque
536 2568 605 2653 ipse
634 2571 768 2634 transire
797 2570 937 2636 audebat
959 2592 1055 2657 neque

122 2677 267 2741 chastes
289 2673 477 2738 transituros
507 2674 720 2738 existimabat.
765 2675 943 2758 augebatur
974 2675 1056 2740 auxi·

157 2780 274 2843 liorum
302 2775 433 2841 cottidie
463 2797 546 2861 spes.
589 2777 730 2861 loquitur
758 2777 865 2861 palam
901 2780 1055 2863 ,quoniam

123 2875 134 2887 ”
160 2881 313 2948 Germani
328 2880 581 2972 adpropinquare
598 2881 751 2962 dicantur,
775 2901 846 2945 sese
862 2888 992 2965 postero
1008 2882 1055 2945 die

122 2985 262 3070 sprima
290 2984 361 3048 luce
392 2990 493 3048 castra
524 2981 705 3049 moturum‘.
750 2984 897 3048 celeriter
918 2986 999 3050 haec
1019 2981 1056 3048 ad

158 3090 268 3153 hostes
290 3086 483 3168 deferuntur,
506 3077 542 3150 ut
556 3107 598 3150 ex
613 3108 729 3171 magno
746 3086 914 3152 Gallorum
928 3107 1054 3152 numero

159 3189 327 3255 nonnullos
351 3188 482 3253 Gallicis
512 3190 607 3254 rebus
635 3189 742 3254 favere
770 3194 884 3252 natura
915 3190 1053 3275 cogebat.

32 3301 35 3306 ’
124 3293 319 3356 sLabienus
347 3298 443 3356 noctu
472 3293 606 3356 tribunis
641 3292 778 3355 militum
807 3291 982 3375 primisque
1010 3311 1054 3355 or·

161 3396 303 3478 dinibus,
331 3394 407 3479 quid
430 3396 470 3459 sit
492 3393 632 3476 consilii,
653 3392 805 3478 proponit
827 3398 877 3475 et,
899 3412 964 3477 quo
985 3391 1053 3456 laci·
