2332 3892
158 263 195 323 12
526 263 549 311 1.
580 262 689 311 rr-rs.

154 436 298 518 possint,
338 435 505 498 Gallorum
544 455 638 518 quam
674 435 894 497 Romanorum
931 433 1065 516 imperia

121 539 331 622 rpraeferre3
369 559 473 622 neque
512 538 673 619 dubitare,
709 538 800 621 quin,
837 537 862 599 si
895 537 1065 599 Helvetios

155 643 376 726 superaverint
411 641 566 723 Romani,
601 663 665 703 una
699 662 769 703 cum
801 639 924 722 reliqua
963 639 1064 701 Gallia

121 745 277 809 ⁵Aeduis
322 746 506 810 libertatem
551 747 614 808 sint
655 743 806 827 erepturi.
860 744 898 806 ab
944 742 1064 805 eisdem

156 848 288 912 consilia
329 868 473 932 quaeque
514 848 548 911 in
587 847 697 910 castris
730 852 883 927 gerantur
920 844 1065 907 hostibus

121 951 330 1015 ⁶enuntiari:
361 950 421 1014 hos
453 971 472 1013 a
502 973 537 1015 se
571 951 713 1014 coerceri
744 970 808 1012 non
839 970 944 1033 posse.
991 950 1072 1033 quinv

158 1055 277 1137 etiam,
316 1054 403 1139 quod
444 1076 528 1118 nuno
567 1054 697 1118 Caesari
732 1054 796 1116 iam
835 1074 902 1117 rem
939 1059 1066 1116 coactus

158 1159 347 1241 enuntiarit,
393 1160 582 1242 intellegere
629 1179 715 1239 sese,
763 1163 880 1242 quanto
923 1157 1065 1239 periculo

156 1261 282 1342 fecerit,
314 1268 345 1327 et
370 1263 411 1325 ob
443 1283 514 1327 eam
543 1283 686 1343 causam,
720 1282 814 1344 quam
839 1259 892 1323 diu
916 1261 1067 1344 potuerit,

158 1361 318 1428 tacuisse.‘

123 1492 134 1531 1
219 1467 346 1531 XVIII.
365 1467 483 1532 Caesar
498 1467 557 1530 hac
571 1468 715 1531 oratione
725 1467 810 1530 Lisci
820 1467 1066 1551 Dumnorigem,

156 1573 306 1636 Divitiaci
330 1572 476 1649 fratrem,
502 1571 662 1654 designari
685 1571 859 1652 sentiebat,
883 1571 956 1652 sed,
980 1571 1067 1655 quod

156 1676 300 1760 pluribus
339 1674 560 1759 praesentibus
599 1695 653 1737 eas
687 1695 739 1737 res
778 1674 887 1738 iactari
926 1675 1066 1756 nolebat,

124 1801 137 1840 a
158 1779 306 1844 celeriter
323 1778 493 1841 concilium
508 1776 647 1859 dimittit,
663 1777 791 1840 Liscum
801 1778 928 1841 retinet.
945 1778 1068 1860 quaerit

159 1903 201 1946 ex
235 1884 303 1945 solo
339 1902 395 1963 ea,
432 1901 513 1963 quae
545 1880 578 1942 in
612 1887 772 1944 conventu
804 1880 939 1944 dixerat.
992 1880 1068 1944 dicit

158 1985 290 2049 liberius
314 1990 408 2067 atque
439 1982 600 2048 audacius.
646 1983 760 2047 eadem
789 1991 912 2048 secreto
937 1987 975 2049 ab
1000 1986 1067 2049 aliis

124 2111 136 2149 s
159 2089 291 2172 quaerit,
303 2088 424 2171 reperit
436 2108 505 2150 esse
516 2108 609 2151 vera:
620 2087 734 2170 ,ipsum
745 2108 813 2151 esse
823 2089 1066 2172 Dumnorigem,

93 2212 95 2218 ·
159 2213 282 2256 summa
294 2191 435 2271 audacia,
445 2210 562 2272 magna
574 2190 659 2272 apud
671 2190 800 2273 plebem
811 2197 943 2274 propter
951 2192 1067 2254 libera-

158 2296 281 2358 litatem
304 2294 422 2377 gratia,
455 2292 606 2375 cupidum
634 2314 742 2356 rerum
771 2314 935 2358 novarum.
981 2317 1067 2358 oom-

158 2398 266 2482 plures
282 2417 380 2459 annos
396 2395 539 2478 portoria
553 2396 738 2479 reliquaque
759 2398 865 2459 omnia
879 2397 1067 2461 Aeduorum

158 2501 328 2583 vectigalia
342 2520 440 2584 parvo
458 2499 561 2582 pretio
572 2499 740 2583 redempta
751 2501 880 2582 habere,
896 2507 1068 2585 propterea

124 2629 137 2665 4
160 2604 246 2688 quod
269 2592 324 2666 illo
348 2603 465 2666 licente
489 2608 600 2665 contra
622 2603 711 2666 liceri
734 2603 850 2666 audeat
872 2625 978 2667 nemo.
1019 2605 1068 2668 his

158 2708 253 2771 rebus
277 2713 309 2770 et
332 2726 420 2768 suam
450 2725 519 2768 rem
548 2705 736 2770 familiarem
765 2708 890 2771 auxisse
915 2715 947 2770 et
969 2709 1067 2770 facul-

126 2835 137 2871 s
158 2815 241 2872 tates
257 2808 298 2871 ad
313 2807 514 2891 largiendum
529 2830 660 2892 magnas
677 2830 892 2894 comparasse,
917 2834 1067 2895 magnum

159 2932 328 2975 numerum
351 2911 510 2994 equitatus
533 2933 589 2974 suo
620 2919 748 2996 sumptu
778 2934 904 2996 semper
926 2915 1012 2979 alere
1035 2922 1067 2979 et

126 3039 137 3076 s
160 3015 277 3078 circum
301 3035 334 3077 se
358 3014 493 3094 habere3
526 3036 630 3099 neque
654 3016 756 3079 solum
781 3015 869 3079 domi
891 3017 948 3081 sed
972 3020 1067 3082 etiam

160 3117 246 3202 apud
273 3117 422 3180 finitimas
454 3118 597 3182 civitates
626 3119 757 3202 largiter
786 3142 899 3203 posse:
931 3104 1067 3186 matrem

159 3222 192 3284 in
214 3221 413 3303 Biturigibus
436 3221 557 3285 homini
587 3223 651 3286 illic
673 3225 869 3288 nobilissimo
895 3248 931 3291 ac
953 3234 1066 3310 poten-

126 3325 281 3387 rtissimo
312 3324 512 3407 conlocasse,
545 3327 649 3410 ipsum
678 3351 720 3392 ex
742 3329 902 3394 Helvetiis
931 3352 1066 3395 uxorem

160 3428 295 3509 habere,
320 3449 465 3492 sororem
489 3451 530 3492 ex
554 3438 656 3496 matre
681 3439 713 3496 et
734 3434 929 3517 propinquas
952 3441 1067 3518 nuptas
