2332 3892
418 245 480 294 vn.
508 244 619 294 as-ar.
913 240 976 302 203

58 420 202 485 maxime
227 418 268 482 ad
292 417 473 500 superiores
497 416 692 481 munitiones
715 413 887 494 laboratur,
911 433 973 496 quo
998 435 1012 472 4

56 523 397 590 Vercassivellaunum
426 522 560 585 missum
587 519 893 584 demonstravimus:
922 518 976 581 alii
999 547 1011 584 ⁵

56 631 123 694 tela
140 628 314 709 coniciunt,
337 627 391 690 alii
407 624 568 691 testudine
584 625 668 689 facta
684 624 837 704 subeunt,
862 622 975 686 defati-

55 734 142 820 gatis
165 734 201 797 in
223 733 328 798 vicem
350 733 468 816 integri
491 730 677 794 succedunt.
718 750 817 813 agger
840 729 879 792 ab
902 727 974 791 uni·
997 755 1009 792 a

57 839 159 904 versis
184 838 347 902 coniectus
371 843 403 900 et
425 828 594 901 ascensum
618 835 673 899 dat
696 840 728 898 et
752 855 804 915 ea,
837 834 974 917 quaein

56 948 144 1006 terra
160 942 286 1006 occulta
302 947 402 1023 erant,
418 941 577 1024 contegit,
598 960 659 1003 nec
674 939 738 1002 iam
754 960 842 1003 arma
856 938 974 1002 nostris

56 1068 117 1112 nec
140 1047 227 1111 vires
251 1051 435 1129 suppetunt.

124 1148 313 1214 LXXXVI.
364 1148 484 1213 Caesar
520 1148 700 1212 Labienum
742 1146 885 1212 subsidio
929 1148 1007 1219 la·1

54 1254 248 1320 borantibus
281 1253 395 1335 mittit3
428 1255 466 1336 ,si
496 1254 658 1319 sustinere·
685 1275 751 1318 non
775 1254 887 1338 possit,
920 1253 1009 1323 de·2

56 1359 163 1424 ductis
195 1358 381 1423 cohortibus
411 1359 579 1442 eruptione
608 1365 746 1444 pugnet3
778 1358 812 1421 id
834 1358 896 1422 nisi
918 1378 974 1422 ne·

54 1464 196 1528 cessario
220 1484 261 1528 ne
284 1458 400 1527 faciat‘.
446 1462 512 1526 adit
535 1463 685 1546 reliquos,
714 1462 908 1542 cohortatur,
932 1481 973 1524 ne
996 1495 1008 1532 ³

54 1568 159 1634 labori
197 1566 422 1631 succumbant:
462 1567 616 1649 ,omnium
648 1566 849 1648 superiorum
882 1565 974 1628 dimi·

55 1673 220 1736 cationum
241 1671 379 1735 fructum
394 1671 427 1734 in
444 1691 482 1735 eo
500 1671 552 1734 dia
569 1677 664 1754 atque
680 1672 761 1735 hora
777 1667 972 1734 consistere‘.

55 1774 227 1840 interiores
259 1773 437 1858 desperatis
470 1776 701 1859 campestribus
731 1776 811 1840 locis
840 1780 1008 1858 propter,

57 1876 313 1964 magnitudinem
348 1879 561 1942 munitionum
594 1885 767 1963 praerupta
798 1885 972 1962 temptant3

55 1981 263 2047 multitudine
286 1981 424 2046 telorum
448 2003 490 2045 ex
505 1983 644 2046 turribus
661 1988 901 2066 propugnantes
918 1981 973 2044 de·
996 2018 1008 2054 5

56 2088 195 2167 turbant,
219 2106 338 2170 aggere
355 2092 387 2149 et
403 2086 542 2150 cratibus
557 2086 659 2150 fossas
677 2088 818 2170 explent,
837 2086 971 2149 falcibus

55 2193 177 2256 vallum
201 2211 238 2253 ac
260 2190 394 2253 loricam
415 2190 610 2256 rescindunt.

58 2317 61 2325 ·
117 2293 327 2359 LXXXVII.
348 2295 447 2358 Mittit
460 2295 563 2379 primo
574 2294 711 2359 Brutum
721 2295 971 2377 adulescentem,
996 2326 1006 2364 1

56 2407 128 2483 post
153 2399 191 2464 (l.
207 2399 346 2464 Fabium
360 2400 518 2483 legatum3
542 2407 708 2483 postremo
724 2400 803 2484 ipse,
829 2420 901 2463 cum
916 2420 971 2463 ve·
996 2431 1009 2468 r

56 2504 239 2571 lementius
263 2511 477 2589 pugnaretur,
499 2505 643 2589 integros
667 2503 810 2568 subsidio
833 2503 972 2568 adducit.

54 2608 206 2673 restituto
220 2609 345 2692 proelio
356 2629 392 2672 ac
401 2609 539 2692 repulsis
549 2609 705 2690 hostibus,
722 2629 784 2692 quo
794 2608 973 2672 Labienum
996 2639 1008 2676 a

53 2714 199 2795 miserat,
225 2713 405 2795 contendit3
431 2714 580 2777 cohortes
600 2718 749 2796 quattuor
765 2734 807 2776 ex
821 2713 970 2797 proximo
996 2742 1009 2782 4

50 2818 190 2883 castello
209 2815 350 2899 deducit,
375 2816 518 2900 equitnm
532 2824 658 2900 partem
674 2837 709 2880 se
726 2817 825 2900 sequi,
848 2823 973 2900 partem

49 2921 224 2988 circumire
241 2923 420 2986 exteriores
436 2922 631 2986 munitiones
649 2927 681 2984 et
697 2922 737 2985 ab
753 2927 845 3005 tergo
861 2921 972 2984 hostes

48 3027 176 3093 adoriri
198 3027 298 3091 iubet.
329 3027 501 3107 Labienus,
525 3032 694 3110 postquam
716 3044 820 3108 neque
837 3044 973 3108 aggeres
999 3065 1011 3101 5

48 3149 160 3215 neque
183 3130 290 3195 fossae
314 3130 380 3194 vim
401 3129 544 3193 hostium
563 3129 722 3192 sustinere
738 3135 897 3212 poterant,
921 3149 974 3191 co·

48 3236 135 3299 actis
159 3235 355 3316 cohortibus,
378 3255 456 3318 quas
480 3255 522 3297 ex
545 3233 700 3317 proximis
722 3231 891 3314 praesidiis
907 3231 973 3295 sors

49 3339 188 3422 obtulit,
223 3337 396 3403 Caesarem
427 3358 485 3422 per
513 3338 643 3400 nuntios
674 3337 764 3399 accit.
816 3336 974 3399 accelerat

52 3440 186 3524 Cacsar,
212 3447 256 3505 ut·
269 3441 395 3526 proelio
419 3441 554 3504 intersit.

110 3541 212 3583 Caesaris
225 3543 315 3583 bellum
329 3542 450 3583 Gallicum.
785 3543 815 3591 12
