2332 3892
163 239 224 302 164
516 238 579 289 vu.
609 239 718 287 1r-1e.

124 411 327 494 caederent3
357 412 420 478 hoo
449 431 483 476 se
513 410 709 496 ignominiae
738 408 886 489 daturos,
917 408 944 472 si
967 428 1052 491 oppu·

124 531 138 572 t
158 515 344 599 gnationem
365 514 579 599 reliquissent.
616 519 779 599 praestare
796 532 910 577 omues
926 512 1052 596 perferre

159 618 349 683 acerbitates
364 638 461 702 quam
476 640 541 685 non
558 618 679 684 civibus
692 618 860 699 Romanis,
877 617 932 700 qui
948 614 1052 681 Cenabi

122 721 294 806 eperfidia
321 723 488 788 Gallorum
516 723 716 805 interissent,
744 717 938 807 parentare.‘
987 721 1052 784 haec

159 825 274 889 eadem
307 826 547 890 centurionibus
578 826 777 909 tribunisque
814 824 955 889 militum
978 844 1051 888 mau-

160 927 292 994 dabant.

124 1056 137 1095 1
224 1033 351 1098 XVIII.
386 1033 469 1099 (lum
489 1033 555 1098 iam
577 1055 668 1099 muro
691 1039 795 1098 turres
813 1032 1049 1117 adpropinquas·

160 1144 241 1219 sent,
257 1157 299 1200 ex
317 1138 451 1222 captivis
467 1136 586 1202 Caesar
601 1137 752 1222 cognovit
764 1135 1049 1220 Vercingetorigem

160 1246 349 1325 consumpto
371 1241 491 1325 pabulo
515 1247 620 1305 castra
640 1241 781 1306 movisse
803 1241 937 1324 propius
952 1235 1048 1302 Arari·

160 1362 232 1406 cum
255 1348 350 1428 atque
371 1344 479 1427 ipsum
498 1363 571 1408 cum
589 1343 733 1428 equitatu
754 1341 987 1427 expeditisque,
1007 1339 1048 1422 qui

158 1447 243 1510 inter
278 1447 402 1530 equites
437 1446 590 1531 proeliari
620 1451 845 1528 consuessent,
877 1445 1046 1530 profectum,

159 1570 222 1634 quo
244 1557 373 1616 nostros
394 1556 526 1636 postero
543 1551 595 1615 die
610 1551 797 1636 pabulatum
811 1556 964 1616 venturos
981 1548 1046 1614 arbi-

122 1675 137 1714 a
158 1660 305 1719 trarotur.
329 1654 539 1721 medianocte
549 1655 677 1721 silentio
691 1655 854 1739 profectus
869 1653 912 1719 ad
925 1654 1045 1720 hostium

122 1765 262 1825 acastre
298 1780 392 1824 mane
430 1760 587 1844 pervenit.
639 1759 687 1823 illi
718 1758 865 1824 celeriter
897 1755 1045 1824 carrosin

158 1864 292 1927 artiores
315 1864 412 1928 silvas
435 1862 644 1946 abdiderunt,
673 1862 781 1947 copias
805 1882 917 1927 omnes
937 1862 971 1925 in
987 1861 1044 1924 loco

122 1993 137 2031 a
159 1967 245 2031 edito
261 1967 488 2031 instruxerunt.
511 1987 575 2049 qua
588 1987 624 2031 re
637 1967 782 2031 nuntiata
792 1965 912 2032 Caesar
926 1965 1044 2032 sarcinas

159 2072 306 2154 conferri,
330 2093 418 2136 arma
441 2071 588 2155 expediri
609 2071 712 2136 iussit.

122 2200 135 2238 1
221 2173 315 2237 XIX.
348 2173 448 2239 Collis
478 2181 547 2240 erat
574 2175 691 2240 leniter
719 2175 759 2240 ab
781 2175 892 2240 infimo
915 2170 1043 2248 adclivis

157 2279 242 2342 hunc
275 2300 317 2342 ex
350 2279 496 2343 omnibus
526 2279 594 2345 fere
624 2279 768 2364 partibus
799 2278 893 2363 palus
928 2272 1044 2342 difficilis

120 2405 135 2443 a
158 2381 306 2465 cingebat
334 2402 400 2446 non
428 2382 524 2446 latior
551 2381 688 2466 pedibus
714 2381 953 2466 quinquaginta.
997 2378 1045 2442 hoc

158 2503 192 2545 se
225 2484 410 2568 interruptis
440 2484 593 2568 pontibus
626 2483 713 2550 Galli
742 2483 860 2548 fiducia
895 2484 960 2550 loci
987 2501 1045 2547 con·

157 2585 301 2649 tinebant
344 2588 586 2671 generatimque
630 2587 792 2652 distributi
836 2589 945 2653 omnia
979 2581 1046 2652 rada

158 2687 361 2771 obtinebant,
384 2696 434 2772 ut,
457 2692 485 2754 si
506 2711 714 2776 perrumpere
736 2713 938 2776 conaremur,
959 2687 1046 2759 haesi·

120 2795 261 2855 atantes
298 2800 496 2876 premerent:
528 2801 579 2877 ut,
611 2796 665 2880 qui
698 2795 970 2880 propinquitatem
996 2788 1045 2858 loci

157 2894 298 2978 videret,
320 2903 449 2980 paratos
471 2919 572 2984 prope
594 2918 698 2984 aequo
720 2899 823 2965 Marte
845 2899 889 2964 ad
911 2900 1045 2965 dimican-

157 2997 235 3062 dum
258 2999 465 3082 existimaret,
487 3003 542 3085 qui
563 3001 764 3086 iniquitatem
779 3001 975 3069 condicionis
988 3020 1044 3088 per·

157 3102 304 3184 spiceret,
328 3101 415 3166 inani
438 3103 641 3169 simulatione
665 3125 736 3168 sese
760 3111 921 3170 ostentare
944 3122 1044 3189 cogno·

121 3211 271 3269 asseret.
323 3205 527 3290 indignantes
563 3207 681 3272 milites
711 3208 844 3293 Caesar,
875 3217 908 3275 et
936 3210 1042 3295 signum

157 3308 273 3392 proelii
309 3314 520 3392 exposcentes
557 3309 687 3393 edocet,
719 3317 837 3394 quanto
870 3312 1041 3378 detrimento

121 3432 289 3476 enecasse
321 3414 361 3477 sit
393 3419 539 3478 constare
567 3415 750 3495 victoriam,
783 3435 873 3499 ,quos
910 3437 979 3481 cum
1006 3411 1040 3473 sit
