<?xml version="1.0" encoding="UTF-8"?>
<!DOCTYPE html PUBLIC "-//W3C//DTD XHTML 1.0 Transitional//EN"
    "http://www.w3.org/TR/xhtml1/DTD/xhtml1-transitional.dtd">
<html xmlns="http://www.w3.org/1999/xhtml" xml:lang="en" lang="en">
 <head>
  <title>
</title>
<meta http-equiv="Content-Type" content="text/html;charset=utf-8" />
  <meta name='ocr-system' content='tesseract 3.04.00' />
  <meta name='ocr-capabilities' content='ocr_page ocr_carea ocr_par ocr_line ocrx_word'/>
</head>
<body>
  <div class='ocr_page' id='page_1' title='image "./ciuliicaesarisc00gitlgoog_0063.png"; bbox 0 0 2332 3892; ppageno 0'>
   <div class='ocr_carea' id='block_1_1' title="bbox 455 237 1001 304">
    <p class='ocr_par' dir='ltr' id='par_1_1' title="bbox 455 237 1001 304">
     <span class='ocr_line' id='line_1_1' title="bbox 455 237 1001 304; baseline 0.004 -18"><span class='ocrx_word' id='word_1_1' title='bbox 455 237 492 287; x_wconf 94' lang='lat'>11.</span> <span class='ocrx_word' id='word_1_2' title='bbox 522 238 633 288; x_wconf 81' lang='lat' dir='ltr'>m-m.</span> <span class='ocrx_word' id='word_1_3' title='bbox 962 243 1001 304; x_wconf 85' lang='lat'>49</span> 
     </span>
    </p>
   </div>
   <div class='ocr_carea' id='block_1_2' title="bbox 10 311 1158 3492">
    <p class='ocr_par' dir='ltr' id='par_1_2' title="bbox 87 311 1127 698">
     <span class='ocr_line' id='line_1_2' title="bbox 87 311 1127 509; baseline 0.011 -37"><span class='ocrx_word' id='word_1_4' title='bbox 87 407 238 472; x_wconf 85' lang='lat' dir='ltr'>Romano</span> <span class='ocrx_word' id='word_1_5' title='bbox 251 406 460 492; x_wconf 77' lang='lat' dir='ltr'>dedidissent,</span> <span class='ocrx_word' id='word_1_6' title='bbox 472 342 766 494; x_wconf 80' lang='lat' dir='ltr'>patriamlvirtutem</span> <span class='ocrx_word' id='word_1_7' title='bbox 777 412 1002 496; x_wconf 91' lang='lat' dir='ltr'>proiecissent:</span> <span class='ocrx_word' id='word_1_8' title='bbox 1067 311 1080 482; x_wconf 77' lang='lat' dir='ltr'>d</span> <span class='ocrx_word' id='word_1_9' title='bbox 1086 409 1127 509; x_wconf 59' lang='lat' dir='ltr'><em>w</em></span> 
     </span>
     <span class='ocr_line' id='line_1_3' title="bbox 88 496 1002 598; baseline 0.005 -23"><span class='ocrx_word' id='word_1_10' title='bbox 88 531 161 576; x_wconf 88' lang='lat' dir='ltr'>sese</span> <span class='ocrx_word' id='word_1_11' title='bbox 191 531 297 594; x_wconf 88' lang='lat' dir='ltr'>neque</span> <span class='ocrx_word' id='word_1_12' title='bbox 330 511 455 594; x_wconf 89' lang='lat' dir='ltr'>legatos</span> <span class='ocrx_word' id='word_1_13' title='bbox 483 496 637 577; x_wconf 83' lang='lat' dir='ltr'>missurds</span> <span class='ocrx_word' id='word_1_14' title='bbox 668 535 773 598; x_wconf 89' lang='lat' dir='ltr'>neque</span> <span class='ocrx_word' id='word_1_15' title='bbox 804 517 902 580; x_wconf 88' lang='lat' dir='ltr'>ullam</span> <span class='ocrx_word' id='word_1_16' title='bbox 926 539 1002 580; x_wconf 92' lang='lat' dir='ltr'>con-</span> 
     </span>
     <span class='ocr_line' id='line_1_4' title="bbox 89 614 589 698; baseline 0.002 -20"><span class='ocrx_word' id='word_1_17' title='bbox 89 615 252 679; x_wconf 89' lang='lat' dir='ltr'>dicionem</span> <span class='ocrx_word' id='word_1_18' title='bbox 273 614 362 698; x_wconf 88' lang='lat' dir='ltr'>pacis</span> <span class='ocrx_word' id='word_1_19' title='bbox 381 615 589 698; x_wconf 58' lang='lat' dir='ltr'>accepturos}</span> 
     </span>
    </p>

    <p class='ocr_par' dir='ltr' id='par_1_3' title="bbox 88 717 1152 1948">
     <span class='ocr_line' id='line_1_5' title="bbox 153 717 1036 804; baseline 0.005 -22"><span class='ocrx_word' id='word_1_20' title='bbox 153 718 248 783; x_wconf 87' lang='lat' dir='ltr'>XVI.</span> <span class='ocrx_word' id='word_1_21' title='bbox 264 717 345 783; x_wconf 78' lang='lat' dir='ltr'>Cum</span> <span class='ocrx_word' id='word_1_22' title='bbox 356 738 414 802; x_wconf 90' lang='lat' dir='ltr'>per</span> <span class='ocrx_word' id='word_1_23' title='bbox 427 740 539 783; x_wconf 88' lang='lat' dir='ltr'>eorum</span> <span class='ocrx_word' id='word_1_24' title='bbox 550 720 630 784; x_wconf 88' lang='lat' dir='ltr'>fines</span> <span class='ocrx_word' id='word_1_25' title='bbox 640 719 782 785; x_wconf 91' lang='lat' dir='ltr'>triduum</span> <span class='ocrx_word' id='word_1_26' title='bbox 794 721 855 787; x_wconf 88' lang='lat' dir='ltr'>iter</span> <span class='ocrx_word' id='word_1_27' title='bbox 865 723 1002 804; x_wconf 77' lang='lat' dir='ltr'>fecisset,</span> <span class='ocrx_word' id='word_1_28' title='bbox 1025 747 1036 786; x_wconf 87' lang='lat'>1</span> 
     </span>
     <span class='ocr_line' id='line_1_6' title="bbox 89 805 1003 926; baseline 0.002 -40"><span class='ocrx_word' id='word_1_29' title='bbox 89 822 275 886; x_wconf 87' lang='lat' dir='ltr'>inveniebat</span> <span class='ocrx_word' id='word_1_30' title='bbox 305 841 347 885; x_wconf 86' lang='lat' dir='ltr'>ex</span> <span class='ocrx_word' id='word_1_31' title='bbox 369 823 517 906; x_wconf 88' lang='lat' dir='ltr'>captivis:</span> <span class='ocrx_word' id='word_1_32' title='bbox 548 823 664 904; x_wconf 82' lang='lat' dir='ltr'>,Sabim</span> <span class='ocrx_word' id='word_1_33' title='bbox 694 805 906 926; x_wconf 59' lang='lat' dir='ltr'>flumenfnon</span> <span class='ocrx_word' id='word_1_34' title='bbox 936 846 1003 888; x_wconf 85' lang='lat' dir='ltr'>am·</span> 
     </span>
     <span class='ocr_line' id='line_1_7' title="bbox 89 925 1037 1010; baseline 0.003 -21"><span class='ocrx_word' id='word_1_35' title='bbox 89 925 173 1010; x_wconf 91' lang='lat' dir='ltr'>plius</span> <span class='ocrx_word' id='word_1_36' title='bbox 197 926 285 989; x_wconf 89' lang='lat' dir='ltr'>milia</span> <span class='ocrx_word' id='word_1_37' title='bbox 306 945 458 1009; x_wconf 79' lang='lat' dir='ltr'>passuum</span> <span class='ocrx_word' id='word_1_38' title='bbox 486 950 507 989; x_wconf 87' lang='lat' dir='ltr'>x</span> <span class='ocrx_word' id='word_1_39' title='bbox 543 927 671 991; x_wconf 87' lang='lat' dir='ltr'>abesse:</span> <span class='ocrx_word' id='word_1_40' title='bbox 701 933 788 991; x_wconf 90' lang='lat' dir='ltr'>trans</span> <span class='ocrx_word' id='word_1_41' title='bbox 819 928 853 991; x_wconf 93' lang='lat' dir='ltr'>id</span> <span class='ocrx_word' id='word_1_42' title='bbox 883 929 1037 992; x_wconf 80' lang='lat' dir='ltr'>flumenr</span> 
     </span>
     <span class='ocr_line' id='line_1_8' title="bbox 92 1027 1002 1114; baseline 0.003 -23"><span class='ocrx_word' id='word_1_43' title='bbox 92 1048 204 1091; x_wconf 89' lang='lat' dir='ltr'>omnes</span> <span class='ocrx_word' id='word_1_44' title='bbox 227 1027 372 1091; x_wconf 87' lang='lat' dir='ltr'>Nervios</span> <span class='ocrx_word' id='word_1_45' title='bbox 387 1027 571 1092; x_wconf 77' lang='lat' dir='ltr'>consedisse</span> <span class='ocrx_word' id='word_1_46' title='bbox 601 1028 838 1114; x_wconf 81' lang='lat' dir='ltr'>adventumque</span> <span class='ocrx_word' id='word_1_47' title='bbox 867 1032 913 1107; x_wconf 88' lang='lat' dir='ltr'>ibi</span> <span class='ocrx_word' id='word_1_48' title='bbox 935 1032 1002 1094; x_wconf 89' lang='lat' dir='ltr'>Ro·</span> 
     </span>
     <span class='ocr_line' id='line_1_9' title="bbox 90 1133 1003 1214; baseline 0.005 -20"><span class='ocrx_word' id='word_1_49' title='bbox 90 1152 260 1195; x_wconf 87' lang='lat' dir='ltr'>manorum</span> <span class='ocrx_word' id='word_1_50' title='bbox 286 1138 473 1214; x_wconf 85' lang='lat' dir='ltr'>exspectare</span> <span class='ocrx_word' id='word_1_51' title='bbox 490 1152 554 1195; x_wconf 88' lang='lat' dir='ltr'>una</span> <span class='ocrx_word' id='word_1_52' title='bbox 576 1153 648 1195; x_wconf 93' lang='lat' dir='ltr'>cum</span> <span class='ocrx_word' id='word_1_53' title='bbox 668 1133 831 1198; x_wconf 79' lang='lat' dir='ltr'>Atrebatis</span> <span class='ocrx_word' id='word_1_54' title='bbox 856 1135 1003 1199; x_wconf 65' lang='grc'><strong>1111111-</strong></span> 
     </span>
     <span class='ocr_line' id='line_1_10' title="bbox 90 1235 1002 1323; baseline 0.003 -24"><span class='ocrx_word' id='word_1_55' title='bbox 90 1235 256 1317; x_wconf 86' lang='lat' dir='ltr'>manduis,</span> <span class='ocrx_word' id='word_1_56' title='bbox 278 1235 419 1299; x_wconf 90' lang='lat' dir='ltr'>finitimis</span> <span class='ocrx_word' id='word_1_57' title='bbox 442 1237 506 1300; x_wconf 92' lang='lat' dir='ltr'>suis</span> <span class='ocrx_word' id='word_1_58' title='bbox 531 1235 618 1316; x_wconf 89' lang='lat' dir='ltr'>(nam</span> <span class='ocrx_word' id='word_1_59' title='bbox 640 1238 689 1301; x_wconf 90' lang='lat' dir='ltr'>his</span> <span class='ocrx_word' id='word_1_60' title='bbox 708 1239 850 1322; x_wconf 91' lang='lat' dir='ltr'>utrisque</span> <span class='ocrx_word' id='word_1_61' title='bbox 872 1260 1002 1323; x_wconf 86' lang='lat' dir='ltr'>persua-</span> 
     </span>
     <span class='ocr_line' id='line_1_11' title="bbox 91 1325 1032 1426; baseline 0.003 -22"><span class='ocrx_word' id='word_1_62' title='bbox 91 1346 215 1420; x_wconf 87' lang='lat' dir='ltr'>serant,</span> <span class='ocrx_word' id='word_1_63' title='bbox 238 1340 284 1402; x_wconf 92' lang='lat' dir='ltr'>uti</span> <span class='ocrx_word' id='word_1_64' title='bbox 307 1339 444 1403; x_wconf 88' lang='lat' dir='ltr'>eandem</span> <span class='ocrx_word' id='word_1_65' title='bbox 464 1339 542 1404; x_wconf 91' lang='lat' dir='ltr'>belli</span> <span class='ocrx_word' id='word_1_66' title='bbox 568 1325 728 1404; x_wconf 88' lang='lat' dir='ltr'>fortunam</span> <span class='ocrx_word' id='word_1_67' title='bbox 747 1341 1002 1426; x_wconf 87' lang='lat' dir='ltr'>experirentur);</span> <span class='ocrx_word' id='word_1_68' title='bbox 1030 1376 1032 1380; x_wconf 95' lang='lat'>·</span> 
     </span>
     <span class='ocr_line' id='line_1_12' title="bbox 90 1443 1036 1532; baseline 0.006 -25"><span class='ocrx_word' id='word_1_69' title='bbox 90 1443 273 1528; x_wconf 85' lang='lat' dir='ltr'>exspectari</span> <span class='ocrx_word' id='word_1_70' title='bbox 290 1445 386 1507; x_wconf 88' lang='lat' dir='ltr'>etiam</span> <span class='ocrx_word' id='word_1_71' title='bbox 402 1444 441 1507; x_wconf 87' lang='lat' dir='ltr'>ab</span> <span class='ocrx_word' id='word_1_72' title='bbox 457 1443 505 1507; x_wconf 92' lang='lat' dir='ltr'>his</span> <span class='ocrx_word' id='word_1_73' title='bbox 522 1444 766 1509; x_wconf 84' lang='lat' dir='ltr'>Aduatucorum</span> <span class='ocrx_word' id='word_1_74' title='bbox 783 1448 891 1531; x_wconf 86' lang='lat' dir='ltr'>copias</span> <span class='ocrx_word' id='word_1_75' title='bbox 906 1453 1000 1532; x_wconf 87' lang='lat' dir='ltr'>atque</span> <span class='ocrx_word' id='word_1_76' title='bbox 1023 1476 1036 1513; x_wconf 81' lang='grc'>1</span> 
     </span>
     <span class='ocr_line' id='line_1_13' title="bbox 90 1548 1036 1637; baseline 0.005 -26"><span class='ocrx_word' id='word_1_77' title='bbox 90 1568 161 1612; x_wconf 90' lang='grc'><strong>1111</strong></span> <span class='ocrx_word' id='word_1_78' title='bbox 184 1548 218 1611; x_wconf 90' lang='lat' dir='ltr'>in</span> <span class='ocrx_word' id='word_1_79' title='bbox 240 1548 372 1611; x_wconf 90' lang='lat' dir='ltr'>itinere:</span> <span class='ocrx_word' id='word_1_80' title='bbox 403 1548 554 1637; x_wconf 86' lang='lat' dir='ltr'>mulieres</span> <span class='ocrx_word' id='word_1_81' title='bbox 577 1549 694 1632; x_wconf 92' lang='lat' dir='ltr'>quique</span> <span class='ocrx_word' id='word_1_82' title='bbox 717 1571 776 1633; x_wconf 85' lang='lat' dir='ltr'>per</span> <span class='ocrx_word' id='word_1_83' title='bbox 798 1555 937 1615; x_wconf 85' lang='lat' dir='ltr'>aetatem</span> <span class='ocrx_word' id='word_1_84' title='bbox 960 1551 1002 1614; x_wconf 91' lang='lat' dir='ltr'>ad</span> <span class='ocrx_word' id='word_1_85' title='bbox 1023 1578 1036 1616; x_wconf 76' lang='lat' dir='ltr'>r</span> 
     </span>
     <span class='ocr_line' id='line_1_14' title="bbox 88 1651 1001 1735; baseline 0.002 -21"><span class='ocrx_word' id='word_1_86' title='bbox 88 1671 231 1735; x_wconf 88' lang='lat' dir='ltr'>pugnam</span> <span class='ocrx_word' id='word_1_87' title='bbox 246 1651 374 1715; x_wconf 89' lang='lat' dir='ltr'>inutiles</span> <span class='ocrx_word' id='word_1_88' title='bbox 397 1651 593 1733; x_wconf 85' lang='lat' dir='ltr'>viderentur,</span> <span class='ocrx_word' id='word_1_89' title='bbox 617 1652 650 1714; x_wconf 91' lang='lat' dir='ltr'>in</span> <span class='ocrx_word' id='word_1_90' title='bbox 674 1673 747 1716; x_wconf 88' lang='lat' dir='ltr'>eum</span> <span class='ocrx_word' id='word_1_91' title='bbox 769 1652 877 1715; x_wconf 92' lang='lat' dir='ltr'>locum</span> <span class='ocrx_word' id='word_1_92' title='bbox 894 1653 1001 1717; x_wconf 87' lang='lat' dir='ltr'>conie-</span> 
     </span>
     <span class='ocr_line' id='line_1_15' title="bbox 89 1741 1152 1839; baseline 0 -22"><span class='ocrx_word' id='word_1_93' title='bbox 89 1755 181 1836; x_wconf 87' lang='lat' dir='ltr'>cisse,</span> <span class='ocrx_word' id='word_1_94' title='bbox 206 1774 270 1838; x_wconf 92' lang='lat' dir='ltr'>quo</span> <span class='ocrx_word' id='word_1_95' title='bbox 293 1741 436 1839; x_wconf 74' lang='lat' dir='ltr'>propter</span> <span class='ocrx_word' id='word_1_96' title='bbox 452 1754 587 1839; x_wconf 90' lang='lat' dir='ltr'>paludes</span> <span class='ocrx_word' id='word_1_97' title='bbox 615 1754 772 1818; x_wconf 86' lang='lat' dir='ltr'>exercitui</span> <span class='ocrx_word' id='word_1_98' title='bbox 801 1754 905 1817; x_wconf 88' lang='lat' dir='ltr'>aditus</span> <span class='ocrx_word' id='word_1_99' title='bbox 936 1775 1001 1818; x_wconf 93' lang='lat' dir='ltr'>non</span> <span class='ocrx_word' id='word_1_100' title='bbox 1106 1813 1108 1817; x_wconf 87' lang='lat'>.</span> <span class='ocrx_word' id='word_1_101' title='bbox 1150 1758 1152 1763; x_wconf 83' lang='lat'>&#39;</span> 
     </span>
     <span class='ocr_line' id='line_1_16' title="bbox 89 1856 481 1948; baseline -0.005 -25"><span class='ocrx_word' id='word_1_102' title='bbox 89 1856 195 1923; x_wconf 73' lang='grc' dir='ltr'>11111.ι</span> <span class='ocrx_word' id='word_1_103' title='bbox 479 1945 481 1948; x_wconf 16' lang='lat'>¹</span> 
     </span>
    </p>

    <p class='ocr_par' dir='ltr' id='par_1_4' title="bbox 87 1961 1035 2460">
     <span class='ocr_line' id='line_1_17' title="bbox 152 1961 1035 2045; baseline 0.002 -19"><span class='ocrx_word' id='word_1_104' title='bbox 152 1961 264 2026; x_wconf 88' lang='lat' dir='ltr'>XVII.</span> <span class='ocrx_word' id='word_1_105' title='bbox 300 1961 362 2027; x_wconf 91' lang='lat' dir='ltr'>His</span> <span class='ocrx_word' id='word_1_106' title='bbox 392 1963 485 2026; x_wconf 90' lang='lat' dir='ltr'>rebus</span> <span class='ocrx_word' id='word_1_107' title='bbox 509 1961 646 2045; x_wconf 80' lang='lat' dir='ltr'>cognitis</span> <span class='ocrx_word' id='word_1_108' title='bbox 670 1962 892 2044; x_wconf 80' lang='lat' dir='ltr'>exploratores</span> <span class='ocrx_word' id='word_1_109' title='bbox 925 1981 1035 2028; x_wconf 88' lang='lat' dir='ltr'>cen-1</span> 
     </span>
     <span class='ocr_line' id='line_1_18' title="bbox 87 2064 999 2151; baseline -0.005 -19"><span class='ocrx_word' id='word_1_110' title='bbox 87 2065 296 2151; x_wconf 86' lang='lat' dir='ltr'>turionesque</span> <span class='ocrx_word' id='word_1_111' title='bbox 327 2067 518 2151; x_wconf 86' lang='lat' dir='ltr'>praemittit,</span> <span class='ocrx_word' id='word_1_112' title='bbox 556 2066 610 2150; x_wconf 91' lang='lat' dir='ltr'>qui</span> <span class='ocrx_word' id='word_1_113' title='bbox 639 2065 747 2128; x_wconf 92' lang='lat' dir='ltr'>locum</span> <span class='ocrx_word' id='word_1_114' title='bbox 779 2065 889 2127; x_wconf 84' lang='lat' dir='ltr'>castris</span> <span class='ocrx_word' id='word_1_115' title='bbox 920 2064 999 2128; x_wconf 92' lang='lat' dir='ltr'>deli·</span> 
     </span>
     <span class='ocr_line' id='line_1_19' title="bbox 88 2168 1033 2254; baseline 0 -20"><span class='ocrx_word' id='word_1_116' title='bbox 88 2176 175 2254; x_wconf 87' lang='lat' dir='ltr'>gant.</span> <span class='ocrx_word' id='word_1_117' title='bbox 205 2173 288 2233; x_wconf 68' lang='lat' dir='ltr'>&#39;oum</span> <span class='ocrx_word' id='word_1_118' title='bbox 311 2191 353 2233; x_wconf 90' lang='lat' dir='ltr'>ex</span> <span class='ocrx_word' id='word_1_119' title='bbox 375 2168 533 2232; x_wconf 77' lang='lat' dir='ltr'>dediticiis</span> <span class='ocrx_word' id='word_1_120' title='bbox 561 2169 672 2250; x_wconf 83' lang='lat' dir='ltr'>Belgis</span> <span class='ocrx_word' id='word_1_121' title='bbox 701 2168 896 2252; x_wconf 90' lang='lat' dir='ltr'>reliquisque</span> <span class='ocrx_word' id='word_1_122' title='bbox 923 2168 998 2231; x_wconf 78' lang='lat' dir='ltr'>Gal·</span> <span class='ocrx_word' id='word_1_123' title='bbox 1021 2197 1033 2234; x_wconf 82' lang='grc'>1</span> 
     </span>
     <span class='ocr_line' id='line_1_20' title="bbox 89 2270 998 2356; baseline 0 -21"><span class='ocrx_word' id='word_1_124' title='bbox 89 2273 128 2336; x_wconf 92' lang='lat' dir='ltr'>lis</span> <span class='ocrx_word' id='word_1_125' title='bbox 167 2272 350 2356; x_wconf 81' lang='lat' dir='ltr'>complures</span> <span class='ocrx_word' id='word_1_126' title='bbox 381 2271 553 2335; x_wconf 76' lang='lat' dir='ltr'>Caesarem</span> <span class='ocrx_word' id='word_1_127' title='bbox 584 2270 685 2334; x_wconf 88' lang='lat' dir='ltr'>secuti</span> <span class='ocrx_word' id='word_1_128' title='bbox 715 2291 778 2334; x_wconf 88' lang='lat' dir='ltr'>una</span> <span class='ocrx_word' id='word_1_129' title='bbox 814 2271 876 2335; x_wconf 89' lang='lat' dir='ltr'>iter</span> <span class='ocrx_word' id='word_1_130' title='bbox 913 2271 998 2336; x_wconf 87' lang='lat' dir='ltr'>face-</span> 
     </span>
     <span class='ocr_line' id='line_1_21' title="bbox 88 2374 999 2460; baseline -0.001 -20"><span class='ocrx_word' id='word_1_131' title='bbox 88 2382 175 2458; x_wconf 85' lang='lat' dir='ltr'>rent,</span> <span class='ocrx_word' id='word_1_132' title='bbox 215 2374 345 2460; x_wconf 92' lang='lat' dir='ltr'>quidam</span> <span class='ocrx_word' id='word_1_133' title='bbox 382 2395 424 2438; x_wconf 84' lang='grc'>111</span> <span class='ocrx_word' id='word_1_134' title='bbox 459 2375 525 2455; x_wconf 88' lang='lat' dir='ltr'>his,</span> <span class='ocrx_word' id='word_1_135' title='bbox 563 2381 598 2438; x_wconf 95' lang='lat' dir='ltr'>ut</span> <span class='ocrx_word' id='word_1_136' title='bbox 635 2381 749 2458; x_wconf 92' lang='lat' dir='ltr'>postea</span> <span class='ocrx_word' id='word_1_137' title='bbox 786 2397 828 2439; x_wconf 86' lang='lat' dir='ltr'>ex</span> <span class='ocrx_word' id='word_1_138' title='bbox 866 2376 999 2459; x_wconf 86' lang='lat' dir='ltr'>captivis</span> 
     </span>
    </p>

    <p class='ocr_par' dir='ltr' id='par_1_5' title="bbox 60 2477 998 2564">
     <span class='ocr_line' id='line_1_22' title="bbox 60 2477 998 2564; baseline -0.004 -18"><span class='ocrx_word' id='word_1_139' title='bbox 60 2533 65 2547; x_wconf 96' lang='lat'><em>.</em></span> <span class='ocrx_word' id='word_1_140' title='bbox 89 2481 255 2564; x_wconf 89' lang='lat' dir='ltr'>cognitum</span> <span class='ocrx_word' id='word_1_141' title='bbox 285 2486 349 2561; x_wconf 88' lang='lat' dir='ltr'>est,</span> <span class='ocrx_word' id='word_1_142' title='bbox 377 2500 490 2544; x_wconf 91' lang='lat' dir='ltr'>eorum</span> <span class='ocrx_word' id='word_1_143' title='bbox 514 2479 638 2542; x_wconf 92' lang='lat' dir='ltr'>dierum</span> <span class='ocrx_word' id='word_1_144' title='bbox 662 2477 895 2542; x_wconf 88' lang='lat' dir='ltr'>consuetudine</span> <span class='ocrx_word' id='word_1_145' title='bbox 925 2498 998 2562; x_wconf 89' lang='lat' dir='ltr'>per·</span> 
     </span>
    </p>

    <p class='ocr_par' dir='ltr' id='par_1_6' title="bbox 63 2581 1031 3181">
     <span class='ocr_line' id='line_1_23' title="bbox 63 2581 999 2668; baseline -0.006 -18"><span class='ocrx_word' id='word_1_146' title='bbox 63 2647 73 2656; x_wconf 77' lang='grc'>,,</span> <span class='ocrx_word' id='word_1_147' title='bbox 88 2589 200 2668; x_wconf 83' lang='lat' dir='ltr'>specta</span> <span class='ocrx_word' id='word_1_148' title='bbox 226 2588 321 2646; x_wconf 91' lang='lat' dir='ltr'>noote</span> <span class='ocrx_word' id='word_1_149' title='bbox 346 2581 386 2645; x_wconf 86' lang='lat' dir='ltr'>ad</span> <span class='ocrx_word' id='word_1_150' title='bbox 412 2583 558 2661; x_wconf 82' lang='lat' dir='ltr'>Nervios,</span> <span class='ocrx_word' id='word_1_151' title='bbox 579 2586 796 2667; x_wconf 85' lang='lat' dir='ltr'>pervenerunt</span> <span class='ocrx_word' id='word_1_152' title='bbox 825 2587 920 2665; x_wconf 90' lang='lat' dir='ltr'>atque</span> <span class='ocrx_word' id='word_1_153' title='bbox 949 2582 999 2644; x_wconf 92' lang='lat' dir='ltr'>his</span> 
     </span>
     <span class='ocr_line' id='line_1_24' title="bbox 90 2685 998 2769; baseline 0 -21"><span class='ocrx_word' id='word_1_154' title='bbox 90 2685 348 2750; x_wconf 84' lang='lat' dir='ltr'>demonstrarunt</span> <span class='ocrx_word' id='word_1_155' title='bbox 387 2686 471 2749; x_wconf 89' lang='lat' dir='ltr'>inter</span> <span class='ocrx_word' id='word_1_156' title='bbox 513 2687 652 2768; x_wconf 89' lang='lat' dir='ltr'>singulas</span> <span class='ocrx_word' id='word_1_157' title='bbox 683 2685 829 2767; x_wconf 86' lang='lat' dir='ltr'>legiones</span> <span class='ocrx_word' id='word_1_158' title='bbox 862 2685 998 2769; x_wconf 91' lang='lat' dir='ltr'>impedi·</span> 
     </span>
     <span class='ocr_line' id='line_1_25' title="bbox 89 2787 998 2872; baseline -0.001 -19"><span class='ocrx_word' id='word_1_159' title='bbox 89 2794 273 2853; x_wconf 90' lang='lat' dir='ltr'>mentorum</span> <span class='ocrx_word' id='word_1_160' title='bbox 296 2808 447 2871; x_wconf 88' lang='lat' dir='ltr'>magnum</span> <span class='ocrx_word' id='word_1_161' title='bbox 474 2809 643 2852; x_wconf 86' lang='lat' dir='ltr'>numerum</span> <span class='ocrx_word' id='word_1_162' title='bbox 668 2787 869 2852; x_wconf 84' lang='lat' dir='ltr'>intercedere</span> <span class='ocrx_word' id='word_1_163' title='bbox 892 2809 998 2872; x_wconf 91' lang='lat' dir='ltr'>neque</span> 
     </span>
     <span class='ocr_line' id='line_1_26' title="bbox 90 2865 997 2980; baseline -0.001 -25"><span class='ocrx_word' id='word_1_164' title='bbox 90 2888 158 2956; x_wconf 84' lang='lat' dir='ltr'>esse</span> <span class='ocrx_word' id='word_1_165' title='bbox 183 2892 352 2976; x_wconf 89' lang='lat' dir='ltr'>quicquam</span> <span class='ocrx_word' id='word_1_166' title='bbox 381 2893 523 2974; x_wconf 90' lang='lat' dir='ltr'>negotii,</span> <span class='ocrx_word' id='word_1_167' title='bbox 555 2912 626 2955; x_wconf 92' lang='lat' dir='ltr'>cum</span> <span class='ocrx_word' id='word_1_168' title='bbox 655 2891 759 2975; x_wconf 90' lang='lat' dir='ltr'>prima</span> <span class='ocrx_word' id='word_1_169' title='bbox 781 2865 997 2980; x_wconf 59' lang='lat' dir='ltr'>legiofvenis·</span> 
     </span>
     <span class='ocr_line' id='line_1_27' title="bbox 90 2969 1031 3095; baseline 0.005 -39"><span class='ocrx_word' id='word_1_170' title='bbox 90 2969 156 3095; x_wconf 67' lang='lat' dir='ltr'>setl,</span> <span class='ocrx_word' id='word_1_171' title='bbox 192 2995 275 3059; x_wconf 90' lang='lat' dir='ltr'>hanc</span> <span class='ocrx_word' id='word_1_172' title='bbox 307 2994 364 3058; x_wconf 91' lang='lat' dir='ltr'>sub</span> <span class='ocrx_word' id='word_1_173' title='bbox 399 2995 529 3058; x_wconf 88' lang='lat' dir='ltr'>sarcinis</span> <span class='ocrx_word' id='word_1_174' title='bbox 564 2994 699 3058; x_wconf 86' lang='lat' dir='ltr'>adoriri:</span> <span class='ocrx_word' id='word_1_175' title='bbox 738 3015 800 3078; x_wconf 89' lang='lat' dir='ltr'>qua</span> <span class='ocrx_word' id='word_1_176' title='bbox 830 2994 921 3078; x_wconf 85' lang='lat' dir='ltr'>pulsa</span> <span class='ocrx_word' id='word_1_177' title='bbox 950 2996 1031 3061; x_wconf 82' lang='lat' dir='ltr'>in-a</span> 
     </span>
     <span class='ocr_line' id='line_1_28' title="bbox 89 3096 997 3181; baseline 0.001 -21"><span class='ocrx_word' id='word_1_178' title='bbox 89 3097 345 3180; x_wconf 88' lang='lat' dir='ltr'>pedimentisque</span> <span class='ocrx_word' id='word_1_179' title='bbox 370 3096 504 3181; x_wconf 88' lang='lat' dir='ltr'>direptis</span> <span class='ocrx_word' id='word_1_180' title='bbox 527 3097 677 3178; x_wconf 82' lang='lat' dir='ltr'>futurum,</span> <span class='ocrx_word' id='word_1_181' title='bbox 702 3101 737 3159; x_wconf 95' lang='lat' dir='ltr'>ut</span> <span class='ocrx_word' id='word_1_182' title='bbox 754 3098 897 3181; x_wconf 87' lang='lat' dir='ltr'>reliquae</span> <span class='ocrx_word' id='word_1_183' title='bbox 921 3118 997 3161; x_wconf 92' lang='lat' dir='ltr'>con·</span> 
     </span>
    </p>

    <p class='ocr_par' dir='ltr' id='par_1_7' title="bbox 10 3197 1158 3492">
     <span class='ocr_line' id='line_1_29' title="bbox 10 3197 1158 3293; baseline 0.003 -32"><span class='ocrx_word' id='word_1_184' title='bbox 10 3280 16 3293; x_wconf 25' lang='grc'><em>,</em></span> <span class='ocrx_word' id='word_1_185' title='bbox 90 3203 137 3262; x_wconf 88' lang='lat' dir='ltr'>tra</span> <span class='ocrx_word' id='word_1_186' title='bbox 168 3201 345 3264; x_wconf 91' lang='lat' dir='ltr'>consistere</span> <span class='ocrx_word' id='word_1_187' title='bbox 376 3220 442 3263; x_wconf 95' lang='lat' dir='ltr'>non</span> <span class='ocrx_word' id='word_1_188' title='bbox 476 3197 652 3263; x_wconf 88' lang='lat' dir='ltr'>aude1·ent.‘</span> <span class='ocrx_word' id='word_1_189' title='bbox 699 3198 869 3262; x_wconf 85' lang='lat' dir='ltr'>adiuvabat</span> <span class='ocrx_word' id='word_1_190' title='bbox 902 3200 1030 3266; x_wconf 74' lang='lat' dir='ltr'>etiamr</span> <span class='ocrx_word' id='word_1_191' title='bbox 1057 3273 1059 3276; x_wconf 7' lang='grc' dir='ltr'><em>Α</em></span> <span class='ocrx_word' id='word_1_192' title='bbox 1157 3261 1158 3264; x_wconf 74' lang='grc'>,</span> 
     </span>
     <span class='ocr_line' id='line_1_30' title="bbox 10 3300 997 3385; baseline -0.001 -18"><span class='ocrx_word' id='word_1_193' title='bbox 10 3300 15 3323; x_wconf 76' lang='lat'>²</span> <span class='ocrx_word' id='word_1_194' title='bbox 91 3323 200 3366; x_wconf 92' lang='lat' dir='ltr'>eorum</span> <span class='ocrx_word' id='word_1_195' title='bbox 230 3302 342 3367; x_wconf 90' lang='lat' dir='ltr'>consili</span> <span class='ocrx_word' id='word_1_196' title='bbox 405 3349 413 3381; x_wconf 87' lang='lat'>,</span> <span class='ocrx_word' id='word_1_197' title='bbox 445 3301 532 3385; x_wconf 94' lang='lat' dir='ltr'>quod</span> <span class='ocrx_word' id='word_1_198' title='bbox 563 3300 676 3365; x_wconf 88' lang='lat' dir='ltr'>Nervii</span> <span class='ocrx_word' id='word_1_199' title='bbox 704 3301 894 3384; x_wconf 87' lang='lat' dir='ltr'>antiquitus,</span> <span class='ocrx_word' id='word_1_200' title='bbox 926 3324 997 3366; x_wconf 91' lang='lat' dir='ltr'>oum</span> 
     </span>
     <span class='ocr_line' id='line_1_31' title="bbox 91 3402 996 3492; baseline -0.001 -21"><span class='ocrx_word' id='word_1_201' title='bbox 91 3407 230 3492; x_wconf 87' lang='lat' dir='ltr'>equitatu</span> <span class='ocrx_word' id='word_1_202' title='bbox 253 3405 334 3469; x_wconf 93' lang='lat' dir='ltr'>nihil</span> <span class='ocrx_word' id='word_1_203' title='bbox 347 3425 389 3489; x_wconf 94' lang='lat' dir='ltr'>po</span> <span class='ocrx_word' id='word_1_204' title='bbox 408 3411 479 3469; x_wconf 91' lang='lat' dir='ltr'>sent</span> <span class='ocrx_word' id='word_1_205' title='bbox 495 3402 616 3489; x_wconf 88' lang='lat' dir='ltr'>(neque</span> <span class='ocrx_word' id='word_1_206' title='bbox 634 3405 719 3469; x_wconf 88' lang='lat' dir='ltr'>anim</span> <span class='ocrx_word' id='word_1_207' title='bbox 735 3404 855 3468; x_wconf 87' lang='lat' dir='ltr'>adhoc</span> <span class='ocrx_word' id='word_1_208' title='bbox 871 3412 996 3490; x_wconf 91' lang='lat' dir='ltr'>tempus</span> 
     </span>
    </p>
   </div>
   <div class='ocr_carea' id='block_1_3' title="bbox 0 0 1171 3892">
    <p class='ocr_par' dir='ltr' id='par_1_8' title="bbox 0 0 1171 3892">
     <span class='ocr_line' id='line_1_32' title="bbox 0 0 1171 3892; baseline 0 0"><span class='ocrx_word' id='word_1_209' title='bbox 0 0 1171 3892; x_wconf 95' lang='lat' dir='ltr'> </span> 
     </span>
    </p>
   </div>
  </div>
 </body>
</html>
