2332 3892
206 230 247 291 24
580 237 602 286 1.
630 239 742 290 as-ao.

170 408 366 484 soportere.
411 412 579 489 praeterea
608 429 642 472 se
674 430 779 492 neque
809 411 876 473 sine
907 411 1051 475 exercitu
1080 412 1112 473 in

205 524 259 567 eas
287 513 395 589 partes
427 509 550 574 Galliae
580 513 690 575 venire
721 513 857 594 audere,
887 536 963 598 quas
994 514 1112 576 Caesar

203 610 396 694 possideret,
426 635 530 698 neque
566 617 741 679 exercitum
774 618 841 680 sine
874 638 990 700 magno
1024 637 1109 680 com·

203 720 312 776 meatu
327 721 421 798 atque
437 717 625 780 molimento
642 719 674 781 in
689 740 787 782 unum
800 720 906 782 locum
923 721 1110 783 contrahere

161 817 182 878 's
203 838 309 901 posse.
355 820 414 882 sibi
445 826 552 886 autem
585 822 700 884 mirum
733 822 852 903 videri,
886 822 961 906 quid
992 823 1024 884 in
1055 843 1111 884 sua

205 921 318 1002 Gallia,
335 944 429 1006 quam
441 923 526 988 bello
539 925 681 1006 vicisset,
697 930 752 987 aut
765 924 895 988 Caesari
914 930 968 986 aut
982 925 1109 986 omnino

203 1025 323 1108 populo
347 1025 493 1090 Romano
517 1029 641 1110 negotii
663 1026 767 1091 essetf

169 1157 181 1196 1
267 1128 408 1192 XXXV.
440 1131 501 1193 His
529 1130 569 1193 ad
593 1130 763 1194 Caesarem
791 1130 900 1193 relatis
930 1133 1047 1193 iterum
1071 1131 1110 1194 ad

169 1252 278 1300 reum
300 1233 425 1316 legatos
449 1255 520 1296 cum
543 1234 592 1297 his
620 1234 777 1296 mandatis
808 1235 923 1297 mittit:
949 1236 1110 1318 ,quoniam

203 1341 292 1398 tanto
324 1357 380 1399 suo
410 1338 584 1421 populique
607 1336 746 1400 Romani
774 1337 930 1401 beneficio
956 1338 1109 1417 adfectus,

204 1461 275 1503 cum
298 1441 331 1502 in
354 1440 519 1504 consulatu
542 1461 598 1504 suo
623 1462 682 1505 rex
703 1447 797 1524 atque
814 1441 934 1503 amicus
957 1462 975 1502 a
998 1448 1111 1503 senatu

170 1544 171 1547 ’
204 1542 382 1626 appellatus
420 1549 519 1632 esset,
564 1542 645 1605 hanc
683 1542 759 1623 sibi,
797 1543 916 1626 populo
961 1542 1109 1607 Romano

203 1648 337 1731 gratiam
370 1647 521 1728 referret,
551 1652 587 1709 ut
618 1647 650 1709 in
684 1646 890 1729 conloquium
919 1647 1030 1710 venire
1061 1648 1109 1709 in·

202 1751 320 1813 vitatus
351 1755 538 1832 gravaretur
558 1769 663 1831 neque
692 1747 731 1811 de
760 1750 977 1812 communire
1002 1749 1110 1812 dicen·

203 1851 280 1915 'dum
310 1853 369 1916 sibi
399 1859 431 1916 et
462 1850 721 1935 cognoscendum
746 1856 890 1935 putaret,
919 1849 999 1914 haec
1030 1874 1109 1934 esse,

169 1979 181 2017 a
204 1976 284 2039 quae
301 1957 339 2020 ab
357 1976 395 2018 eo
412 1956 606 2039 postularet:
630 1955 776 2038 primum,
800 1975 839 2017 ne
857 1975 951 2037 quam
968 1955 1109 2017 multitu-

204 2057 311 2122 dinem
334 2059 500 2121 hominum
531 2058 664 2142 amplius
695 2058 728 2119 in
752 2057 889 2120 Galliam
911 2057 1109 2138 traduceret3

204 2159 320 2224 deinde
337 2160 475 2242 obsides,
499 2182 578 2244 quos
593 2160 727 2224 haberet
748 2160 787 2223 ab
803 2160 936 2241 Aeduis,
959 2160 1111 2224 redderet

203 2262 438 2347 Sequanisque,
462 2285 541 2348 quos
564 2263 735 2345 haberent,
758 2265 922 2327 voluntate
947 2265 1014 2327 eius
1037 2264 1110 2328 red-

202 2365 281 2429 dere
303 2367 430 2447 liceret,
459 2388 541 2430 neve
564 2365 697 2430 Aeduos
720 2367 892 2430 lacesseret
914 2388 995 2430 neve
1017 2369 1110 2431 sociis

169 2494 182 2530 4
205 2489 316 2531 eorum
338 2470 458 2533 bellum
473 2469 613 2533 inferret.
652 2470 678 2531 si
699 2469 745 2532 ita
766 2469 902 2551 fecisset,
927 2470 986 2533 sibi
1008 2492 1108 2554 popu·

204 2572 300 2655 loque
315 2572 462 2636 Romano
479 2578 668 2657 perpetuam
682 2574 818 2655 gratiam
833 2580 927 2656 atque
941 2575 1108 2637 amicitiam

205 2696 276 2737 cum
299 2696 337 2740 eo
361 2677 517 2740 futuram:
545 2678 573 2739 si
597 2699 663 2740 non
682 2679 878 2761 impetraret,
898 2680 1048 2761 quoniam
1066 2680 1109 2742 M.

204 2779 350 2861 Messala,
373 2780 416 2843 M.
433 2780 550 2844 Pisone
575 2780 757 2844 consulibus
780 2787 908 2843 senatus
925 2781 1110 2864 censuisset,

204 2883 260 2963 uti,
278 2883 468 2966 quicumque
484 2883 620 2947 Galliam
632 2886 830 2968 provinciam
842 2885 1010 2966 obtineret,
1024 2886 1111 2969 quod

205 2985 375 3047 commodo
408 2987 456 3050 rei
488 2988 634 3070 publicae
672 2987 775 3051 facere
810 2994 938 3071 posset,
977 2987 1111 3052 Aeduos

205 3094 392 3172 ceterosque
429 3091 548 3154 amicos
585 3091 696 3175 populi
733 3091 871 3154 Romani
911 3091 1110 3173 defenderet,

204 3190 392 3254 Aeduorum
415 3194 544 3256 iniurias
566 3215 631 3257 non
654 3192 895 3277 neglecturum‘.

171 3313 183 3351 1
269 3293 427 3359 XXXVI.
459 3295 512 3359 Ad
534 3296 615 3361 haec
637 3297 817 3360 Ariovistus
839 3298 1019 3381 respondit:
1052 3299 1109 3380 ,ius

206 3419 276 3462 esse
299 3397 391 3480 belli,
419 3405 470 3480 ut,
500 3400 553 3482 qui
575 3399 739 3480 vicissent,
766 3400 818 3481 iis,
849 3420 928 3482 quos
950 3400 1109 3483 vicissent,
