2332 3892
157 240 217 302 1³42
529 236 577 286 vr.
607 235 744 286 rs-aos

163 411 248 474 vitae
270 411 424 475 institutis
446 411 509 474 hoc
531 409 598 473 fere
615 408 776 488 differunt,
801 406 888 491 quod
904 405 1074 491 suoslibep

161 535 225 594 ros,
255 515 317 577 nisi
350 535 421 578 cum
453 512 681 592 adoleverunt,
717 518 753 575 ut
784 531 900 574 munus
941 510 1055 574 militiae

162 616 318 679 sustinere
349 615 491 699 possint,
523 615 630 698 polam
660 612 702 676 ad
734 633 769 677 se
805 612 895 677 adire
925 634 989 678 non
1013 633 1056 696 pa·

163 721 296 783 tiuntur.

128 843 140 882 1
225 822 319 885 XIX.
357 822 443 904 Viri,
482 827 615 905 quantas
652 822 805 905 pecunias
843 822 884 886 ab
919 820 1055 906 uxoribus

161 926 245 991 dotis
276 925 405 989 nomine
437 931 645 1009 acceperunt,
677 931 782 989 tantas
812 945 855 989 ex
884 926 950 989 suis
977 924 1054 990 bonis

134 1066 135 1070 =
161 1030 386 1093 aestimatione
421 1028 506 1093 facta
544 1049 616 1092 cum
656 1028 784 1094 dotibus
819 1030 1054 1095 ¹communicant.

127 1133 254 1196 ahuius
278 1132 381 1196 omnis
403 1132 559 1215 pecuniae
584 1132 888 1217 coniunctim-ratio
921 1133 1053 1209 habetru3

126 1242 231 1299 auter
261 1236 328 1300 vita
359 1235 532 1319 superarit,
567 1234 608 1299 ad
640 1256 714 1300 cum
744 1235 903 1320 pervenit.
948 1235 1054 1301 viriin

159 1359 278 1404 uxores
312 1338 405 1403 sicuti
436 1339 469 1402 in
499 1339 619 1404 liberos
649 1339 735 1403 vitae
766 1340 921 1423 necisque
951 1340 1053 1403 habeut

159 1447 368 1526 potestatem
393 1448 521 1505 etcum
542 1441 725 1507 inlustriore
746 1443 819 1508 loco
842 1450 937 1506 natus
961 1443 1053 1506 deces-

128 1565 130 1570 “
160 1545 216 1625 sit,
249 1545 317 1608 eius
346 1544 518 1628 propinqui
541 1545 734 1609 conveniunt
757 1551 805 1626 et,
838 1546 865 1609 si
888 1567 940 1611 res
963 1547 994 1611 in
1014 1566 1051 1610 su·

160 1648 337 1731 spicionem
359 1647 457 1729 venit,
482 1645 522 1730 de
545 1648 700 1713 uxoribus
723 1649 756 1712 in
773 1648 924 1714 servilem
937 1647 1051 1715 modun

160 1751 381 1835 quaestionem
408 1751 528 1816 habent
557 1757 606 1832 et,
634 1752 661 1815 si
684 1757 884 1836 compertum
907 1759 972 1835 est,
999 1749 1051 1836 igni

159 1861 253 1937 atque
278 1855 425 1919 omnibus
447 1855 615 1920 tormentis
638 1857 836 1920 excruciatas
865 1856 1049 1921 interficiunt

124 1956 270 2021 sfunera
300 1964 374 2023 sunt
404 1979 462 2042 pro
501 1959 588 2023 cultu
620 1959 787 2025 Gallorum
825 1962 993 2045 magnifica
1026 1962 1049 2020 ct

158 2067 361 2144 sumptuosa3
401 2062 590 2144 omniaque,
622 2081 705 2146 quae
736 2063 817 2127 vivis
850 2060 940 2128 cordi
969 2062 1048 2126 fuisse

158 2164 366 2246 arbitrantur,
395 2164 430 2228 in
456 2165 566 2249 ignem
593 2164 748 2249 inierunt,
781 2167 879 2232 etiam
908 2165 1048 2239 animalia

157 2288 194 2330 ac
217 2268 313 2350 paulo
337 2288 432 2351 supra
453 2268 535 2332 hanc
559 2269 748 2333 memoriam
770 2271 855 2335 servi
875 2276 908 2334 et
925 2271 1047 2342 clientes,

157 2390 236 2452 quos
259 2370 395 2436 dilectos
419 2372 594 2453 constabat,
616 2393 682 2436 una
703 2373 936 2437 cremabantur.
1080 2453 1081 2456 Ἴ

122 2492 134 2531 1
220 2473 295 2536 XX.
335 2472 426 2548 Quae
456 2475 601 2538 civitates
632 2474 831 2540 commodius
854 2468 1049 2540 administrari

158 2577 390 2658 existimantur,
412 2577 533 2641 habent
554 2579 682 2662 legibus
698 2585 852 2660 sanctum,
876 2580 974 2663 siquis
989 2568 1048 2661 quii

157 2678 198 2770 de
220 2699 255 2742 ro
278 2679 407 2762 publica
429 2681 604 2764 acceperit,
634 2681 682 2746 uti
704 2681 745 2746 ad
768 2683 987 2767 magistratum
1008 2677 1048 2742 de·

121 2806 134 2844 a
155 2780 237 2844 ferat
258 2801 341 2845 neve
365 2802 437 2845 cum
460 2802 522 2866 quo
539 2783 602 2848 alio
619 2785 841 2866 communicet,
866 2786 954 2869 quod
968 2796 1048 2866 saepe

155 2885 302 2949 homines
325 2886 512 2950 temerarios
535 2893 631 2970 atque
653 2888 820 2972 imperitos
842 2889 932 2954 falsis
960 2904 1049 2954 rumo·

154 2987 242 3051 ribus
264 2987 378 3051 terreri
400 2994 433 3051 ct
455 2987 496 3052 ad
518 2989 641 3053 facinus
664 2991 776 3075 inpelli
804 2999 837 3056 et
861 2992 902 3057 dc
935 2985 1048 3056 summis

121 3113 134 3152 s
154 3092 250 3156 rebus
267 3091 435 3157 consilium
451 3113 565 3176 capere
581 3095 746 3178 cognitum
761 3101 819 3159 est.
850 3098 1047 3180 magistratus,

155 3216 236 3279 quae
259 3197 328 3260 visa
351 3204 432 3278 sunt,
457 3197 626 3279 occultant,
651 3218 733 3282 quae
757 3218 800 3262 ex
821 3218 882 3262 usu
901 3199 1048 3262 iudicare·

153 3306 237 3380 runt,
260 3299 457 3363 multitudini
478 3299 629 3383 produnt.
661 3299 701 3364 de
724 3321 759 3365 re
782 3300 911 3385 publica
930 3301 989 3366 nisi
1002 3308 1048 3383 per

156 3401 326 3465 concilium
347 3402 436 3485 loqui
458 3424 524 3467 non
547 3404 742 3470 conceditur.
