2332 3892
482 241 544 291 VII.
573 241 683 290 22-24.
974 239 1032 300 167

126 414 346 479 cuniculorum
377 418 488 477 notum
519 418 613 497 atque
643 412 794 476 usitatum
823 417 880 475 cst.
931 416 1067 479 totums

126 524 234 580 autem
258 538 384 581 murum
407 537 449 580 cx
473 517 559 581 omni
580 523 671 600 parte
694 515 832 580 turribus
852 514 1033 578 contabula-

126 626 237 684 verant
269 625 364 703 atque
389 621 447 683 has
472 620 565 686 coriis
587 622 779 684 intexerent.
823 625 891 682 tum
915 616 1066 685 crebrisr
1114 668 1116 673 ,

127 722 248 786 diurnis
264 724 489 807 nocturnisque
501 723 719 808 eruptionibus
729 728 784 787 aut
799 722 910 806 aggeri
924 722 1034 805 ignem

126 825 306 890 inferebant
334 833 388 890 aut
417 826 535 890 milites
559 832 729 909 occupatos
752 825 978 890 adoriebantur
1001 830 1033 887 et

126 934 308 993 nostrarum
330 929 464 993 turrium
481 929 691 1010 altitudinem,
716 935 868 1013 quantum
882 929 940 991 has
957 928 1033 991 coti·
1056 959 1069 998 s

128 1031 241 1096 dianus
258 1053 357 1116 agger
373 1039 583 1116 expresserat,
608 1031 785 1095 commissis
801 1031 929 1094 suarum
944 1031 1034 1094 tabu-

127 1135 199 1199 latis
228 1135 452 1218 adaequabant
480 1140 512 1199 et
534 1140 662 1219 apertos
694 1133 856 1198 cuniculos
885 1141 1035 1218 praeusta

128 1244 160 1302 et
181 1245 356 1322 praeacuta
377 1238 511 1302 materia
534 1245 565 1302 ct
582 1238 653 1322 pice
669 1237 842 1301 fervefacta
856 1243 889 1300 et
903 1237 1035 1300 maximi

128 1342 281 1426 ponderis
308 1343 400 1407 ‚saxis
427 1342 632 1406 morabantur
659 1341 890 1425 moenibusque
920 1340 1034 1424 adpro-

128 1445 284 1529 pinquare
306 1445 529 1529 prohibebant.

191 1545 322 1610 XXIII.
353 1547 439 1627 Muri
469 1552 576 1612 autem
606 1569 717 1613 omnes
745 1549 806 1614 hac
834 1550 901 1614 fere
922 1549 1069 1615 formar

130 1651 237 1716 trabes
270 1649 410 1714 directae
442 1650 476 1714 in
504 1651 740 1735 longitudinem
775 1653 904 1737 paribus
939 1653 1037 1715 inter·

130 1756 238 1837 vallis,
269 1754 423 1819 distantes
451 1755 534 1819 inter
562 1775 597 1818 se
627 1755 720 1821 binos
753 1755 870 1842 pedes,
904 1756 938 1819 in
967 1756 1035 1820 solo

133 1860 346 1925 conlocantur.
384 1859 446 1922 hae
468 1859 685 1923 revinciuntur
706 1860 861 1926 introrsus
885 1867 918 1924 et
935 1861 1035 1925 multo
1059 1881 1071 1920 a

132 1982 249 2047 aggere
271 1962 466 2027 vcstiuntur:
489 1963 658 2028 intervalla
680 1963 853 2048 grandibus
876 1964 909 2027 in
931 1964 1036 2028 fronte
1095 2041 1096 2045 Ἰ

132 2065 217 2130 saxis
256 2063 469 2128 effarciuntur.
523 2066 696 2143 conlocatis
735 2073 767 2132 et
807 2067 1072 2151 coagmentatisa

132 2168 211 2232 alius
233 2167 365 2251 insuper
389 2169 466 2233 ordo
490 2168 634 2252 additur,
663 2176 699 2234 ut
729 2170 818 2234 idem
839 2169 919 2233 illud
941 2170 1038 2233 inter-

132 2271 251 2335 vallum
274 2277 418 2336 servetur
439 2292 543 2357 neque
565 2273 649 2338 inter
671 2294 705 2338 se
722 2274 907 2357 contingant
921 2273 1038 2355 trabes,

133 2373 188 2438 sed
209 2375 340 2459 paribus
368 2375 567 2441 intermissae
598 2377 708 2463 spatiis
738 2377 883 2461 singulae
906 2377 1039 2460 singulis

133 2478 218 2542 saxis
240 2477 417 2542 interiectis
447 2486 514 2544 arte
544 2482 774 2546 contineantur.
820 2481 865 2545 sic
887 2480 1039 2564 deinceps
1060 2508 1073 2546 r

134 2599 226 2645 omne
252 2601 332 2665 opus
356 2583 547 2648 contexitur.
585 2585 648 2648 hoo
672 2605 744 2647 oum
765 2583 799 2646 in
824 2582 966 2667 speciem
984 2582 1073 2649 de·s

133 2683 233 2749 forme
260 2706 327 2750 non
356 2691 405 2748 est
434 2685 564 2750 alternis
594 2687 737 2752 trabibus
766 2707 803 2751 ac
826 2687 928 2769 saxis,
958 2707 1039 2771 quae

134 2786 226 2851 rectis
250 2785 344 2850 lineis
367 2807 448 2851 suos
467 2787 595 2854 ordines
618 2796 762 2871 servant,
792 2796 861 2853 tum
884 2810 1041 2853 summam

135 2888 230 2954 habet
254 2890 535 2974 opportunitatem,
559 2891 646 2974 quod
669 2892 709 2955 ab
731 2891 880 2956 incendio
903 2892 985 2976 lapis
1009 2895 1044 2954 et

137 2992 173 3057 ab
194 2992 297 3057 ariete
320 2994 453 3056 materia
476 2994 628 3075 defendit,
652 3014 733 3077 quae
756 2996 921 3081 perpetuis
939 2995 1040 3059 trabi·

137 3094 193 3160 bus
214 3095 317 3181 pedes
340 3096 561 3181 quadragenos
584 3099 728 3163 revincta
749 3119 854 3182 neque
876 3096 1040 3182 perrumpi

140 3218 237 3284 neque
262 3201 396 3265 distrahi
417 3208 534 3286 potest.

145 3344 147 3348 ι
198 3301 323 3370 XXIV.
354 3305 416 3368 His
439 3311 488 3370 tot
516 3307 611 3371 rebus
633 3308 777 3392 inpedita
801 3306 1039 3392 oppugnatione
1061 3337 1074 3377 1

144 3405 272 3490 milites,
304 3429 377 3473 cum
407 3415 475 3474 toto
509 3417 654 3494 tempore
685 3413 803 3496 frigore
836 3419 868 3476 et
897 3408 1039 3472 adsiduis

190 3507 290 3547 caesuris
304 3507 393 3547 bellum
408 3509 527 3548 Gallicum.
852 3517 885 3563 10
