2332 3892
204 231 244 293 72
564 230 613 280 111.
642 232 754 282 ao-aa.

169 419 181 458 a
202 400 278 463 tiam
303 398 517 465 adhibendam
534 402 753 485 intellegebat.
793 403 900 500 itaquo
919 427 954 470 re
970 407 1112 472 frumen-

202 505 282 568 taria
316 506 465 589 provisa,
503 507 631 570 auxiliis
669 510 876 593 equitatuque
915 518 1112 596 comparato,

201 609 310 671 multis
332 615 500 693 praeterea
515 611 590 672 viris
608 610 742 674 fortibus
759 612 878 676 Tolosa
901 620 934 676 et
947 614 1112 696 Narbone,

200 733 283 796 quae
306 718 379 775 sunt
402 712 547 776 civitates
569 715 754 797 provinciae
782 715 934 780 finitimae
964 719 1111 782 nomina·

200 817 258 878 tim
283 815 422 878 evocatis
446 816 478 877 in
501 816 683 879 sontiatum
705 817 784 881 fines
808 820 986 884 exereitum
1010 821 1111 886 intro-

167 919 303 982 aduxit.
341 919 429 981 ouius
461 919 603 983 adventu
633 922 763 1003 oognito
796 922 957 987 Sontiates
987 931 1112 1008 maguis

201 1024 300 1107 copiis
330 1023 448 1086 ooaotis
478 1023 701 1106 equitatuque,
735 1044 797 1106 quo
828 1023 1000 1107 plurimum
1024 1029 1112 1092 vale-

200 1128 292 1207 bant,
324 1127 358 1188 in
385 1126 500 1189 itinere
527 1147 644 1208 agmon
673 1125 779 1188 adorti
800 1127 939 1210 primum
962 1136 1112 1213 equestre

167 1253 179 1290 4
201 1229 358 1314 proelium
376 1229 615 1310 commiserunt,
640 1228 755 1292 deinde
783 1230 926 1313 equitatu
942 1252 1001 1294 suo
1018 1235 1112 1316 pulso

201 1341 296 1419 atque
320 1334 561 1418 insequentibus
588 1333 705 1395 nostris
729 1333 834 1396 subito
865 1334 1034 1417 pedestres
1058 1357 1112 1400 oo-

200 1439 279 1522 pias,
303 1458 379 1521 quas
396 1438 428 1500 in
445 1437 590 1499 convalle
608 1436 865 1520 conlocaverunt,
890 1439 1111 1505 ostenderunt.

199 1543 233 1605 hi
254 1548 382 1605 nostros
406 1541 557 1604 disiectos
586 1540 690 1603 adorti
721 1541 879 1624 proelium
903 1550 1112 1608 renovarunt.

165 1667 177 1705 1
264 1645 357 1708 XXI.
395 1645 578 1726 Pugnatum
602 1649 651 1705 est
674 1642 729 1705 diu
753 1648 848 1726 atque
871 1643 1006 1726 aeriter,
1038 1666 1112 1710 oum

200 1748 360 1812 Sontiates
383 1747 599 1830 superioribus
616 1746 758 1809 victoriis
773 1746 847 1810 freti
863 1747 895 1810 in
911 1769 969 1811 sua
991 1749 1112 1816 virtute

199 1852 297 1916 totius
312 1850 505 1935 Aquitaniae
522 1850 657 1913 salutem
672 1849 810 1932 positam
826 1855 986 1932 putarent,
1008 1853 1112 1915 nostri

199 1962 328 2037 autem,
367 1954 443 2038 quid
478 1955 546 2017 sine
580 1955 774 2037 imperatore
809 1959 841 2016 et
875 1953 942 2016 sine
976 1955 1111 2038 reliquis

199 2059 380 2141 legionibus
413 2057 652 2120 adulescentulo
693 2056 773 2118 duee
806 2056 932 2121 efficere
965 2065 1110 2141 possent,

192 2160 336 2245 <perspici
374 2164 545 2244 cuperent:
586 2159 718 2222 tandem
752 2159 890 2222 oonieoti
923 2160 1110 2226 vulneribus

164 2266 307 2332 ahostes
339 2271 431 2346 terga
462 2270 598 2328 vertere.
648 2283 785 2346 quorum
818 2283 935 2346 magno
972 2284 1109 2328 numero

197 2369 365 2434 interfecto
391 2369 522 2432 Crassus
546 2389 589 2431 ex
610 2367 724 2430 itinere
750 2366 904 2450 oppidum
927 2366 1110 2431 Sontiatum

198 2494 394 2557 oppugnare.
445 2472 558 2555 quibus
587 2469 713 2532 fortiter
744 2469 967 2532 resistentibus
998 2471 1109 2536 vineas

162 2601 174 2640 a
197 2581 364 2658 turresque
389 2575 464 2657 egit.
502 2574 548 2635 illi
572 2574 739 2656 eruptione
763 2579 929 2657 temptata,
953 2574 1109 2638 ounioulis

197 2678 237 2741 ad
261 2697 414 2760 aggerem
437 2677 609 2759 vineasque
633 2676 712 2740 actis
737 2676 841 2756 (ouius
857 2677 905 2740 rei
921 2678 1108 2762 suntlonge

195 2780 380 2865 peritissimi
401 2778 565 2862 Aquitani,
588 2786 762 2863 propterea
785 2778 873 2863 quod
895 2780 1004 2843 multis
1027 2781 1108 2844 loois

197 2883 282 2968 apud
304 2904 360 2946 eos
383 2884 527 2946 aerariae
551 2883 637 2964 sunt)
661 2883 717 2946 ubi
733 2882 900 2964 diligentia
922 2890 1108 2947 nostrorum

195 2988 275 3051 nihil
305 2986 417 3071 profioi
446 2987 691 3067 intellexerunt,
725 2986 848 3068 legatos
881 2985 922 3048 ad
956 2984 1107 3052 Crassum

196 3092 325 3154 mittunt
348 3111 445 3173 seque
475 3091 506 3152 in
531 3090 729 3153 deditionem
761 3096 797 3152 ut
825 3090 959 3173 reoipiat
982 3097 1106 3174 petunt.

196 3214 259 3278 qua
281 3214 315 3257 re
338 3193 497 3277 inpetrata
520 3214 607 3256 arma
630 3193 757 3258 tradere
782 3194 860 3256 iussi
881 3193 1011 3258 iaoiunt.

161 3334 172 3372 1
260 3297 371 3359 XXII.
410 3297 517 3382 Atque
550 3297 582 3359 in
612 3318 650 3360 ea
681 3318 716 3360 re
750 3297 890 3360 omnium
922 3303 1105 3361 nostrorum

195 3401 326 3463 intentis
350 3400 462 3463 animis
486 3400 548 3462 alia
571 3420 613 3463 ex
641 3407 732 3484 parte
756 3399 867 3484 oppidi
889 3398 1104 3482 Adiatunnus,
