2332 3892
472 229 549 280 vm.
578 232 691 283 sa-ss.
975 201 1054 298 235‘

189 402 281 467 LIII.
313 404 468 488 Magnum
491 405 552 468 hoc
575 405 795 470 testimonium
817 410 947 469 senatus
971 413 1073 471 erat1

124 506 268 571 universi
291 508 551 593 conveniensque
575 509 733 593 superiori
748 509 845 572 facto.
875 530 1038 594 nampro-

123 610 214 674 ximo
239 631 323 674 anno
348 611 475 693 (contra
496 613 605 696 legem
628 612 766 696 Pompei
789 617 822 677 et
846 611 952 676 Crassi
973 619 1038 679 ret-

123 716 268 781 tulerant
291 721 366 781 ante
382 723 508 801 tempus
524 716 566 780 ad
581 723 728 780 senatum
744 716 785 783 de
802 717 948 782 ansaris
964 738 1038 802 pro·

122 818 251 901 vinciis)
268 821 434 885 sententiis
451 820 544 884 dictis
559 821 790 887 discessionem
805 822 943 888 faciente
953 823 1038 887 Mar·
1112 818 1116 829 ’

122 923 218 1005 cello,
243 924 298 1008 qui
320 924 380 987 sibi
404 932 533 989 om'nem
557 924 747 1008 dignitatem
766 947 810 1001 ex
826 925 973 990 Caesaris
990 927 1038 990 in-

121 1027 212 1092 vidia
242 1030 432 1112 quaerebat,
464 1036 593 1094 senatus
616 1029 767 1114 frequens
790 1031 822 1093 in
846 1031 908 1093 alia
932 1031 1039 1094 omnia

123 1133 260 1197 transiit.
311 1133 425 1218 quibus
454 1154 520 1197 non
548 1133 778 1218 frangebantur
807 1135 904 1198 animi
932 1134 1072 1197 inimi-2

124 1259 238 1302 corum
263 1237 423 1318 Caesaris,
447 1237 506 1301 sed
529 1237 787 1302 admonebantur
808 1258 940 1322 parare,
969 1239 1037 1322 qui-

122 1342 184 1406 bus
214 1340 288 1424 cogi
317 1348 427 1426 posset
456 1352 586 1406 senatus
616 1342 649 1405 id
677 1344 833 1427 probare,
864 1342 951 1427 quod
977 1343 1039 1427 ipsi

125 1446 377 1510 constituissent.

189 1550 277 1615 LIV.
308 1552 362 1616 Fit
385 1552 504 1616 deinde
520 1553 844 1635 senatusconsultum,
860 1559 896 1616 ut
912 1553 953 1616 ad
968 1554 1037 1617 bel·
1061 1579 1071 1616 1

123 1657 191 1720 lum
207 1656 295 1742 legio
311 1679 409 1722 unaa
425 1657 483 1722 On.
500 1657 669 1741 Pompeio,
693 1658 794 1721 altera
810 1679 829 1721 a
845 1656 881 1722 O.
899 1657 1037 1723 Caesare

124 1761 321 1842 mitteretur;
359 1783 463 1847 neque
503 1762 637 1826 obscure
678 1760 759 1824 duae
797 1760 944 1845 legiones
981 1761 1037 1826 de·

123 1865 303 1930 trahuntur.
333 1888 408 1929 nam
432 1866 489 1931 On.
506 1866 682 1951 Pompeius
704 1866 867 1949 legionem
890 1865 1037 1950 primam,
1060 1891 1072 1928 a

124 1990 222 2054 quam
244 1969 285 2032 ad
303 1970 475 2035 Caesarem
497 1971 628 2036 miserat
652 1970 832 2034 confectam
853 1991 894 2034 ex
918 1970 1038 2034 dilectu

124 2075 327 2159 provinciae,
350 2097 423 2140 eam
445 2082 608 2160 tamquam
632 2097 674 2140 ex
697 2096 754 2138 suo
778 2094 912 2138 numero
938 2072 1037 2138 dedit.

127 2177 247 2243 Caesar
269 2175 389 2262 lamen,
413 2201 485 2243 cum
510 2179 550 2244 de
574 2181 741 2244 voluntate
766 2178 889 2242 nemini
906 2176 1072 2241 dubiumr

125 2288 222 2366 osset,
245 2284 404 2369 Pompeio
434 2286 599 2370 legionem
622 2283 747 2352 remisit
770 2287 803 2346 et
826 2302 884 2344 suo
908 2281 1037 2345 nomine

124 2412 184 2470 xa,
208 2409 304 2473 quam
325 2389 359 2452 in
383 2389 488 2453 Gallia
511 2389 660 2454 citeriore
683 2386 856 2468 habuerat,
881 2406 923 2449 ex
945 2405 1037 2448 sena-

124 2497 175 2556 tus
199 2493 347 2556 consulto
370 2493 460 2558 iubet
486 2492 580 2557 tradi.
624 2493 658 2555 in
681 2492 750 2555 eius
774 2491 880 2554 locum
902 2515 965 2553 xm.
989 2489 1037 2553 le·

125 2595 257 2679 gionam
285 2597 318 2659 in
345 2596 474 2661 Italiam
504 2598 610 2661 mittit.
655 2597 724 2681 ipse
749 2594 908 2660 exercitui
931 2594 1072 2664 distri-4

125 2699 192 2764 buit
221 2699 373 2765 hiberna:
405 2700 441 2766 O.
473 2702 671 2767 Trebonium
703 2721 775 2763 cunr
804 2700 986 2784 legionibus
1008 2724 1037 2762 rv

125 2804 298 2889 inBelgio
322 2807 478 2890 collocat,
509 2808 544 2872 O.
568 2807 705 2871 Fabium
736 2826 808 2869 cum
838 2803 975 2868 totidem
1004 2803 1037 2866 in

126 2908 259 2974 Aeduos
283 2910 423 2976 deducit.
461 2913 506 2976 sio
523 2913 608 2976 enim
625 2910 830 2976 existimabat
846 2909 1037 2972 tutissimam
1060 2936 1071 2973 s

127 3011 192 3078 fore
218 3012 368 3095 Galliam,
391 3017 417 3079 si
440 3014 579 3100 Belgae,
604 3035 740 3100 quorum
762 3014 904 3077 maxima
926 3013 1036 3094 virtus,

128 3114 243 3200 Aedui,
260 3139 397 3202 quorum
414 3120 596 3203 auctoritas,
621 3119 817 3184 exercitibus
833 3119 1035 3182 contineren-

130 3224 186 3284 tur.
231 3222 301 3306 ipse
326 3222 360 3286 in
381 3223 509 3288 Italiam
532 3225 696 3309 profectus

189 3324 259 3389 LV.
297 3327 465 3410 cognoscit
495 3348 555 3412 per
585 3327 621 3391 C.
650 3325 840 3390 Marcellum
871 3325 1035 3389 consulem
1059 3349 1070 3386 1

133 3424 272 3512 legiones
296 3431 375 3496 duas
398 3433 437 3497 ab
461 3434 634 3516 semisses,
658 3452 739 3516 quae
758 3451 800 3494 ex
815 3438 943 3493 senatus
960 3452 1035 3494 oon-
