2332 3892
158 250 218 312 168
506 249 568 299 VII.
597 246 708 298 24-25.

153 421 309 486 imbribus
344 421 563 503 tardarentur,
597 428 706 486 tamen
739 419 918 485 continenti
953 417 1055 482 labore

156 526 263 590 omnia
284 526 366 590 haec
388 531 619 608 superaverunt
642 531 674 587 et
691 522 804 587 diebus
827 546 891 586 xxv
914 541 1056 606 aggerem

153 629 255 694 latum
276 629 377 713 pedes
393 652 520 709 cccxn,
544 628 644 692 altum
664 626 766 712 pedes
788 649 873 690 nxxx
897 631 1055 689 exstruxe-

120 740 237 799 rrunt.
284 754 356 796 cum
378 754 504 797 murum
531 751 637 816 paene
665 731 866 814 contingeret
891 735 924 793 et
949 727 1056 792 Cacsar

155 835 197 900 ad
221 856 300 919 opus
323 834 553 899 consuetudine
583 834 757 898 excubaret
785 833 971 916 militesque
993 831 1056 895 hor·

154 945 285 1021 taretur,
307 939 403 1022 paulo
434 945 507 1003 ante
536 939 664 1003 tertiam
685 938 829 1022 vigiliam
852 942 902 1001 est
924 933 1055 1000 animad-

155 1064 300 1125 versum,
327 1043 450 1107 fumare
479 1062 633 1126 aggerem
661 1062 756 1126 quem
786 1040 934 1123 cuniculo
956 1040 1054 1103 hostes

121 1176 134 1215 a
156 1146 398 1229 succenderant,
423 1146 602 1229 eodemque
625 1152 772 1229 tempore
794 1150 864 1208 toto
888 1164 980 1207 muro
1003 1142 1055 1206 cla·

156 1270 246 1315 more
278 1250 402 1315 sublato
437 1250 561 1314 duabus
591 1250 694 1334 portis
725 1248 765 1313 ab
796 1253 935 1330 utroque
965 1247 1054 1311 latere

121 1355 291 1421 rtmium
319 1356 444 1440 eruptio
473 1355 598 1419 fiebat„
625 1354 680 1418 alii
707 1353 793 1416 faces
824 1357 920 1435 atque
944 1350 1053 1416 aridam

156 1459 323 1522 materiem
346 1459 387 1523 de
410 1481 500 1523 muro
523 1459 558 1522 in
580 1478 734 1542 aggerem
755 1455 926 1535 iaciebant,
949 1455 1053 1539 picem,

155 1562 294 1645 reliquas
315 1584 377 1645 res,
400 1563 514 1647 quibus
537 1562 621 1646 ignis
645 1561 778 1625 excitari
799 1565 926 1643 potest,
948 1557 1050 1622 funde·

156 1665 249 1746 bant,
278 1671 329 1748 ut,
362 1686 425 1749 quo
454 1668 592 1751 primum
622 1672 840 1732 occurreretur
866 1669 923 1728 aut
946 1663 996 1727 cui
1013 1659 1052 1724 rei

121 1801 135 1838 s
155 1768 291 1832 ferretur
311 1769 482 1852 auxilium,
504 1770 561 1834 vix
583 1770 665 1834 ratio
687 1769 762 1832 iniri
781 1772 903 1852 posset.
948 1772 1052 1844 tameo,

157 1872 244 1955 quod
265 1873 411 1937 instituto
437 1873 582 1938 Caesaris
606 1872 688 1937 duae
710 1871 856 1955 legiones
879 1891 939 1955 pro
956 1867 1053 1933 eastris

158 1975 360 2040 excubabant
389 1977 561 2061 pluresque
590 1975 716 2061 partitis
744 1972 946 2058 temporibus
977 1973 1054 2034 erant

155 2080 190 2142 in
212 2099 320 2164 opere,
344 2079 491 2143 celeriter
512 2080 632 2144 factum
661 2083 726 2161 est,
755 2083 791 2141 ut
814 2077 869 2140 alii
891 2073 1052 2162 eruptioni·

155 2183 215 2246 bus
237 2183 440 2265 resisterent,
470 2183 525 2247 alii
552 2189 656 2246 turres
684 2180 876 2244 reducerent
898 2198 1052 2264 aggerem·

156 2308 220 2370 que
241 2286 518 2369 interscinderent,
543 2287 645 2351 omnis
666 2305 745 2350 vero
768 2305 811 2348 ex
833 2284 946 2348 castris
960 2279 1054 2346 multi·

156 2390 235 2455 tudo
259 2390 300 2454 ad
322 2389 587 2475 restinguendum
609 2393 822 2455 concurreret.

122 2529 135 2569 1
221 2493 330 2559 XXV.
364 2494 446 2558 (lum
467 2495 501 2559 in
524 2485 672 2560 omnibus
694 2494 774 2558 locis
791 2498 982 2577 consumpta
999 2489 1054 2554 iam

156 2597 281 2680 reliqua
301 2604 392 2680 parte
414 2598 518 2661 noctis
541 2603 738 2681 pugnaretur
760 2615 954 2680 semperque
967 2591 1057 2659 hosti·

156 2701 217 2765 bus
233 2720 306 2785 spes
321 2700 474 2765 victoriae
489 2701 771 2784 redintegraretur,
796 2719 835 2764 eo
851 2700 967 2783 magis,
982 2692 1056 2782 quod

158 2802 289 2868 deustos
311 2803 439 2888 pluteos
460 2805 596 2868 turrium
617 2804 771 2870 videbant
785 2816 853 2868 'nec
867 2803 964 2869 facile
979 2801 1058 2867 adire

156 2912 286 2990 apertos
318 2905 360 2969 ad
390 2906 628 2989 auxiliandum,
664 2907 781 2972 cecidit
813 2905 1057 2992 inspectantibus

155 3011 266 3092 nobis,
289 3009 376 3093 quod
400 3009 533 3093 dignum
555 3011 712 3075 memoria
733 3010 838 3075 visum
860 3010 1059 3095 praetereun-

122 3112 235 3187 2dum
263 3133 329 3177 non
359 3112 623 3177 existimavimus.
677 3112 808 3197 quidam
837 3119 913 3177 ante
942 3118 1058 3198 portam

158 3215 269 3300 oppidi
299 3215 411 3280 Gallus
439 3233 498 3298 per
520 3236 632 3279 manus
662 3215 731 3279 sevi
760 3235 797 3278 ao
825 3214 908 3299 picis
937 3213 1059 3279 traditas

157 3320 268 3404 glebas
290 3319 324 3383 in
346 3319 456 3403 ignem
471 3338 489 3381 e
505 3319 638 3402 regione
653 3318 749 3381 turris
764 3318 960 3403 proiciebat;
983 3336 1058 3381 soor·

121 3424 253 3507 apione
277 3423 316 3486 ab
338 3422 439 3485 latere
470 3421 583 3486 dextro
607 3423 759 3486 traiectus
789 3423 940 3488 concidit.
984 3423 1057 3486 hunc
