2332 3892
154 243 217 306 204
514 244 576 294 vrr.
603 243 715 294 ss-ao.

120 448 132 487 1
220 417 442 482 LXXXVIII.
474 419 553 484 Eius
577 418 719 482 adventu
743 437 786 480 ex
810 418 919 481 colore
937 418 1057 482 vestitus

156 524 296 607 cognito,
320 524 432 587 turmis
456 525 599 608 equitum
623 529 655 586 et
679 522 867 587 cohortibus
883 524 971 605 visis,
993 543 1057 608 quas

156 649 190 692 se
223 629 313 712 sequi
344 629 495 709 iusserat,
528 628 639 692 hostes
668 627 829 711 proelium
861 629 1058 694 committunt.

122 749 134 786 2
155 732 315 815 utrimque
340 732 479 796 clamore
503 730 628 795 sublato
654 732 776 815 excipit
798 753 909 796 rursus
932 754 974 798 ex
987 733 1058 798 vallo

122 852 134 889 ³
157 844 252 920 atque
276 835 423 900 omnibus
441 836 672 900 munitionibus
687 836 817 901 clamor.
851 839 956 903 nostri
970 837 1060 901 missis

157 941 231 1024 pilis
261 939 378 1044 gladiis
407 961 475 1003 rem
505 948 631 1024 gerunt.
679 947 813 1025 repente
843 950 919 1026 post
949 949 1060 1027 tergun

159 1045 318 1129 equitatus
342 1043 495 1125 cernitur,
527 1044 676 1109 cohortes
701 1045 783 1108 aliae
807 1046 1059 1130 appropinquant

158 1148 269 1212 hostes
284 1151 376 1231 terga
385 1153 531 1227 vertunt3
547 1147 746 1232 fugientibus
758 1150 884 1233 equites
895 1156 1058 1216 occurrunt.

124 1279 137 1315 ι
158 1252 193 1316 fit
216 1272 334 1335 magna
357 1250 483 1315 caedes.
516 1250 677 1335 Sedulius,
702 1252 770 1317 dux
793 1261 825 1318 et
847 1256 996 1338 princeps
1009 1253 1059 1316 Le·

160 1357 337 1439 moricum,
369 1355 539 1436 occiditur;
571 1355 893 1423 Vercassivellaunus
923 1355 1060 1424 virusiu

158 1461 235 1545 fuga
258 1459 557 1544 comprehenditur3
582 1461 673 1545 signa
697 1463 851 1527 militaria
873 1464 1060 1548 septuaginta

160 1572 310 1650 quattuor
332 1565 374 1629 ad
399 1565 572 1630 Caesarem
592 1566 791 1648 referuntur;
815 1569 911 1652 pauci
931 1590 972 1632 ex
985 1571 1059 1632 tarto

126 1692 294 1736 enumero
319 1691 353 1734 se
376 1671 410 1734 in
434 1677 537 1734 castra
559 1670 727 1753 recipiunt.
761 1672 939 1755 conspicati
962 1693 1002 1735 ex
1016 1688 1059 1752 op·

135 1830 137 1835 ,
161 1776 238 1860 pido
270 1775 404 1840 caedem
433 1782 465 1839 et
493 1775 603 1857 fugam
627 1797 758 1839 suorum
782 1775 955 1859 desperata
976 1775 1061 1838 salute

163 1880 272 1964 copias
296 1879 567 1944 amonitionibus
590 1879 758 1944 reducunt.
792 1878 828 1942 fit
850 1881 995 1963 protinus
1014 1879 1061 1941 hae

127 2002 197 2072 ore
227 1981 337 2046 audita
365 2003 408 2046 ex
438 1983 549 2046 castris
574 1982 742 2048 Gallorum
770 1983 857 2067 fuga.
904 1976 1061 2067 quodnisi

164 2086 283 2151 crebris
300 2085 450 2151 subsidiis
466 2108 504 2151 ac
519 2087 619 2152 totius
635 2086 701 2151 diei
715 2087 826 2151 labore
842 2088 963 2152 milites
974 2087 1062 2151 essert

164 2193 298 2274 defessi,
329 2213 440 2256 omnes
462 2192 605 2258 hostium
628 2192 741 2275 copiae
765 2190 867 2254 deleri
890 2193 1061 2276 potuissent.

128 2314 139 2352 r
163 2297 204 2361 de
227 2297 336 2363 media
357 2303 453 2363 nocte
476 2287 592 2381 missus
616 2297 777 2380 equitatus
798 2296 1009 2361 novissimum
1022 2313 1062 2376 ag·

163 2424 237 2466 men
261 2403 481 2486 consequitur;
506 2423 642 2486 magnus
664 2420 818 2465 numerus
841 2401 967 2485 capitur
985 2407 1063 2482 atque

162 2505 361 2588 interficitur,
387 2506 502 2589 reliqui
526 2527 568 2569 ex
590 2503 667 2589 fuga
690 2502 870 2568 discedunt.

129 2636 140 2675 r
228 2607 416 2674 LXXXIX.
447 2609 585 2675 Postero
609 2609 661 2672 die
676 2608 929 2692 Vercingetorix
946 2604 1063 2674 concilio

157 2719 341 2807 ‘convocato
374 2713 506 2795 ,bellum
538 2733 572 2775 se
606 2706 762 2795 coepisse‘
796 2711 996 2776 demonstrat
1024 2711 1063 2792 ,et,

129 2844 141 2881 a
164 2815 316 2898 quoniam
337 2815 485 2880 fortunae
508 2815 698 2896 cedendum,
721 2815 762 2878 ad
777 2821 947 2899 utramque
963 2828 1063 2880 remse

163 2919 227 2983 illis
258 2919 391 3001 offerre,
423 2941 481 2983 seu
509 2925 613 2984 morte
637 2941 695 2983 sua
716 2918 874 2984 Romanis
898 2920 1063 2984 satisfacere

128 3052 140 3090 a
165 3043 221 3087 seu
240 3022 351 3087 rivum
366 3021 494 3086 tradere
509 3018 630 3086 velint‘.
664 3023 833 3086 mittuntur
851 3022 893 3086 ad
911 3022 1063 3087 Gaesarem

129 3157 142 3193 4
163 3126 273 3211 legati.
310 3125 400 3190 iubet
423 3148 512 3191 arma
534 3125 627 3208 tradi,
649 3126 811 3210 principes
833 3126 979 3209 produci.
1009 3126 1062 3208 ipse

163 3231 197 3294 in
226 3230 405 3296 munitione
428 3252 487 3316 pro
513 3232 624 3295 castris
649 3231 810 3296 consedit:
842 3231 942 3296 duces
965 3226 1063 3316 prod·

128 3363 141 3400 s
164 3339 287 3416 cuntrn,
310 3332 562 3419 Vercingetorix
586 3334 729 3416 deditur,
759 3355 848 3398 arma
870 3335 1062 3418 proiciuntu-

80 3475 83 3479 .
164 3438 335 3502 reservatis
357 3437 500 3526 Aeduis,
528 3437 699 3521 Arvernis,
725 3441 751 3503 si
773 3460 832 3523 per
854 3460 912 3505 eos
936 3440 1063 3505 civitates
