2332 3892
185 223 225 283 66
537 225 587 274 ΙΙΙ.
617 226 728 275 11-13.

184 395 304 458 auxilio
333 397 477 460 arcessiti
502 397 705 479 dicebantur,
737 397 762 460 si
792 395 936 480 pervim
960 396 1097 462 transire

148 520 161 559 a
185 505 350 581 conantur,
375 501 555 584 prohibeat.
593 501 630 565 P.
649 501 799 565 Crassum
820 521 892 563 cum
910 496 1098 566 cohortibus

183 602 367 686 legionariis
398 630 442 668 xn
476 606 508 670 et
541 626 658 689 magno
693 625 826 669 numero
865 606 1028 688 equitatus
1064 608 1097 670 in

147 728 160 766 ι
183 707 391 791 Aquitaniam
408 709 568 793 proficisci
586 710 690 790 iubet,
716 707 752 782 Q.
768 709 926 772 Titurium
942 707 1097 773 Sabinum

182 810 325 894 legatum
354 833 425 876 cum
448 813 631 897 legionibus
653 814 754 877 tribus
777 813 810 876 in
832 811 1006 896 Venellos,
1031 814 1096 878 eu-

148 915 342 979 criosolitas
370 916 599 1002 Lexoviosque
629 918 736 981 mittit.
781 917 823 980 D.
846 917 983 980 Brutum
1015 917 1095 980 adu-

180 1019 358 1090 lescentem
395 1022 487 1085 classi
522 1021 717 1105 Gallicisque
751 1019 900 1101 navibus,
939 1041 1018 1102 quas
1053 1043 1096 1085 ex

181 1123 368 1187 Pictonibus
396 1131 428 1189 et
452 1125 601 1189 Santonis
624 1124 819 1208 reliquisque
842 1124 962 1206 pacatis
986 1124 1094 1206 regio-

181 1227 273 1291 nibus
291 1229 463 1292 convenire
480 1230 624 1310 iusserat,
647 1227 848 1312 praeficitet,
865 1227 1094 1311 cumprimum

180 1337 299 1414 posset,
322 1332 355 1394 in
369 1331 514 1396 Venetos
530 1332 687 1417 proficisci
710 1331 808 1395 iubet.
841 1331 908 1414 ipse
934 1350 973 1395 eo
990 1331 1092 1415 pede·

182 1435 298 1498 stribus
322 1436 423 1520 copiis
447 1436 624 1501 contendit.

146 1560 159 1600 1
246 1539 324 1601 XII.
361 1540 462 1603 Erant
491 1539 650 1604 eiusmodi
677 1539 744 1603 fere
777 1539 857 1602 situs
887 1538 1091 1623 oppidorum,

181 1627 221 1703 ut
247 1642 352 1725 posita
385 1642 417 1705 in
450 1642 602 1706 extremis
633 1643 771 1726 lingulis
797 1642 1090 1729 promunturiisque

181 1765 286 1829 neque
309 1745 445 1829 pedibus
469 1747 590 1810 aditum
612 1746 782 1836 haberent,
805 1767 876 1810 oum
901 1767 943 1809 ex
966 1747 1031 1810 alto
1056 1768 1090 1810 se

182 1855 288 1911 aestus
310 1849 506 1913 incitavisset
530 1848 631 1934 (quod
650 1851 766 1914 accidit
789 1871 917 1935 semper
938 1850 1090 1915 horarum

181 1976 224 2014 xn
246 1953 374 2036 spatio),
398 1975 503 2038 neque
519 1955 663 2037 navibus,
688 1955 774 2038 quod
797 1977 906 2018 rursus
925 1956 1088 2020 minuente

147 2063 272 2120 caestu
297 2058 331 2120 in
353 2060 443 2122 vadis
466 2060 712 2125 adflictarentur.
751 2060 795 2123 ita
817 2065 952 2143 utraque
974 2082 1009 2125 re
1034 2080 1090 2144 op-

146 2161 333 2244 apugnatio
368 2163 609 2246 inpediebatur;
646 2185 683 2228 ac
720 2163 894 2246 siquando,
930 2165 1088 2247 magnitu-

182 2265 255 2329 dine
280 2267 386 2350 operis
415 2267 497 2330 forte
523 2268 679 2352 superati,
710 2272 840 2330 extruso
865 2267 944 2329 mari
968 2287 1088 2350 aggere

180 2391 217 2433 ac
240 2371 377 2433 molibus
402 2371 574 2455 desperare
599 2377 783 2454 coeperant,
814 2391 930 2453 magno
954 2391 1088 2435 numero

149 2479 151 2483 '
180 2474 309 2536 navium
326 2495 383 2537 sua
399 2474 613 2558 deportabant
636 2497 734 2559 seque
758 2476 790 2538 in
808 2474 955 2559 proxima
971 2475 1091 2559 oppida

146 2577 394 2660 rrecipiebant3
418 2578 463 2641 ibi
485 2599 519 2643 se
542 2599 651 2642 rursus
668 2579 782 2642 iisdem
800 2578 1089 2662 opportunitatibus

146 2678 407 2744 cdefendebant.
453 2682 533 2745 haec
563 2670 601 2747 eo
632 2682 754 2746 facilius
785 2704 933 2766 magnam
965 2689 1089 2766 partem

181 2784 311 2847 aestatis
334 2784 502 2867 faciebant,
532 2787 626 2870 quod¹
641 2792 771 2851 nostrae
794 2808 891 2852 naves
914 2794 1089 2871 tempesta·

181 2886 265 2949 tibus
297 2887 522 2952 detinebantur
556 2912 742 2975 summaque
777 2897 845 2956 erat
874 2897 963 2955 vasto
1000 2893 1089 2975 mari,

180 2992 304 3073 magnis
335 2993 491 3074 aestibus,
522 2995 601 3057 raris
631 3015 667 3057 ao
690 3015 791 3078 prope
821 2995 915 3058 nullis
944 2995 1089 3079 portibus

181 3094 350 3159 difficultas
372 3096 556 3179 navigandi.

65 3194 67 3201 ’
136 3221 158 3260 ,ι
245 3200 340 3263 XIII.
363 3200 510 3284 Namque
527 3202 667 3284 ipsorum
684 3221 782 3266 naves
801 3201 842 3265 ad
857 3203 941 3266 hunc
956 3191 1090 3267 modum

179 3303 281 3368 factae
312 3311 515 3388 armataeque
540 3311 646 3369 erant:
680 3306 806 3369 carinae
835 3307 997 3391 aliquanto
1022 3309 1089 3393 pla·

155 3405 287 3468 ,niores
311 3427 405 3489 quam
428 3413 621 3490 nostrarum,
646 3427 708 3492 quo
732 3408 855 3472 facilius
871 3408 955 3473 vada
977 3429 1015 3473 ac
1033 3411 1089 3474 de·
