2332 3892
158 244 221 308 200
513 244 575 294 vn.
604 243 715 293 ro-ar.

159 417 313 502 oppidum
336 417 505 482 considunt
529 422 561 480 et
583 415 764 499 proximam
785 411 906 476 fossam
929 409 1056 474 cratibus

136 520 305 606 'integunt
334 526 428 605 atque
458 539 577 604 aggere
608 517 740 601 explent
769 535 868 598 seque
891 513 933 577 ad
957 532 1055 578 omnes

157 645 248 689 casus
272 631 468 708 comparant.
829 646 832 650 ’

123 749 135 790 1
219 727 357 792 LXXX.
390 727 508 792 Caesar
540 726 627 792 omni
658 725 801 790 exercitu
829 725 872 789 ad
899 729 1055 805 utramque

155 840 280 916 partem
296 831 463 915 disposito,
486 836 531 912 ut,
555 831 582 894 si
595 849 672 893 usus
687 829 805 909 veniat,
824 848 919 891 suum
935 827 1055 910 quisque

155 937 263 1002 locum
277 940 388 1000 teneat
404 940 437 999 et
453 934 590 1015 noverit,
607 933 783 1016 equitatum
799 930 908 994 educit
925 936 958 993 et
971 948 1054 1012 proe-

122 1040 234 1104 rlium
265 1037 421 1104 committi
449 1037 550 1101 iubet.
595 1042 664 1100 erat
693 1056 736 1100 ex
765 1034 914 1100 omnibus
945 1032 1054 1112 eastris,

156 1161 237 1224 quae
254 1161 413 1205 summurn
426 1139 569 1222 undique
585 1139 696 1222 iugum
710 1137 874 1218 tenebant,
896 1135 1054 1219 despectus

122 1265 135 1305 a
156 1250 251 1327 atque
269 1243 384 1307 intenti
401 1247 595 1327 proventum
610 1240 850 1326 exspectabant.
884 1240 971 1306 Galli
983 1240 1054 1303 inter

156 1347 279 1430 equites
310 1367 399 1411 raros
428 1345 611 1430 sagittarios
641 1344 875 1429 expeditosque
905 1343 986 1409 levis
1013 1364 1052 1406 ar·

156 1454 298 1514 maturae
327 1449 567 1515 interiecerant:
598 1449 638 1514 ab
667 1450 718 1514 his
746 1450 929 1533 complures
957 1448 1052 1513 dein·

121 1554 284 1639 aproviso
313 1554 472 1618 vulnerati
500 1553 625 1637 proelio
649 1552 859 1618 excedebant.
896 1573 969 1616 cum
990 1571 1051 1614 suos

157 1656 338 1740 superiores
362 1675 433 1719 esse
449 1655 536 1719 Galli
557 1655 754 1721 confiderent
769 1661 802 1720 et
815 1663 945 1722 nostros
960 1655 1051 1720 multi·

156 1760 267 1824 tudine
289 1761 393 1844 premi
415 1759 577 1841 viderent,
602 1779 644 1824 ex
667 1758 814 1824 omnibus
835 1759 981 1844 partibus
1002 1759 1051 1822 cla·

122 1890 136 1931 s
157 1883 246 1927 more
262 1868 294 1926 et
309 1862 433 1926 ululatu
443 1883 574 1926 suorum
584 1862 707 1927 animos
718 1861 957 1928 confirmabant.
980 1857 1052 1946 quod

156 1968 189 2030 in
212 1971 393 2052 conspectu·
411 1965 554 2030 omnium
575 1985 627 2028 res
649 1964 836 2047 gerebatur,
859 1971 1009 2048 utrosque
1029 1966 1053 2025 et

155 2070 260 2135 laudis
283 2069 440 2155 cupiditas
464 2073 497 2133 et
517 2069 614 2139 timor
635 2069 830 2153 ignominiae
853 2069 896 2133 ad
916 2070 1053 2133 virtutem

121 2199 135 2240 o
157 2173 327 2240 excitabat.
359 2192 432 2236 cum
454 2192 474 2236 a
496 2170 630 2236 meridie
648 2190 750 2255 prope
765 2171 807 2236 ad
823 2171 901 2237 solis
919 2189 1054 2237 occasun

157 2278 254 2342 dubia
275 2277 410 2343 victoria
431 2280 637 2361 pugnaretur,
662 2274 815 2340 Germani
837 2296 902 2340 una
925 2275 958 2339 in
977 2279 1053 2360 parte

158 2380 307 2445 confertis
330 2380 442 2444 turmis
458 2380 615 2463 impetum
630 2378 775 2443 fecerunt
790 2378 977 2462 equitesque
992 2397 1054 2463 pro·

122 2508 135 2548 r
156 2485 321 2569 pulerunt3
346 2484 460 2568 quibus
482 2484 516 2547 in
537 2482 647 2567 fugam
664 2481 817 2547 coniectis
834 2481 992 2566 sagittarii
1006 2480 1055 2544 cir·

122 2587 317 2651 acumventi
354 2586 579 2670 interfectique
615 2591 698 2652 sunt.
753 2585 832 2650 item
865 2606 907 2651 ex
936 2585 1056 2670 reliquis

121 2689 300 2774 apartibus
330 2689 432 2753 nostri
455 2690 504 2753 sui
527 2690 712 2755 facultatem
733 2711 799 2756 non
822 2690 992 2756 dederunt.
1030 2692 1056 2753 at

155 2793 196 2874 ii,
226 2792 280 2876 qui
307 2799 547 2876 processerant,
576 2795 692 2858 maesti
721 2813 755 2858 se
781 2794 816 2858 in
840 2793 996 2878 oppidum
1015 2811 1056 2856 re·

158 2903 321 2980 oeperunt.

122 3020 134 3061 1
220 2999 376 3064 LXXXI.
406 3000 480 3066 Uno
504 3000 557 3066 die
578 3000 762 3067 intermisso
779 3000 865 3065 Galli
888 3008 985 3086 atque
1004 3000 1055 3064 hoc

157 3105 260 3188 spatio
281 3123 398 3188 magno
415 3105 559 3185 cratium,
582 3105 748 3186 scalarum,
772 3103 993 3188 harpagonum
1006 3121 1054 3166 nu·

158 3227 246 3272 mero
275 3207 391 3273 effecto
421 3207 549 3272 silentio
574 3228 615 3272 ex
639 3206 751 3271 castris
774 3206 897 3289 egressi
920 3206 962 3270 ad
984 3224 1055 3270 oam-

122 3329 135 3368 r
157 3315 281 3392 pestres
304 3310 496 3374 munitiones
515 3310 681 3374 accedunt.
713 3308 819 3372 subito
836 3309 976 3374 clamore
991 3307 1054 3372 sub·

157 3413 233 3491 lato,
258 3432 320 3495 qua
342 3413 584 3497 significatione,
608 3414 662 3498 qui
686 3412 925 3495 obsidebantur,
949 3414 988 3478 de
1007 3429 1053 3476 suo
