2332 3892
470 242 505 291 11.
540 242 615 292 5—6.
951 243 991 303 43

80 415 114 472 et
144 431 258 474 eorum
288 433 383 495 agros
416 415 564 497 populari
592 410 779 497 coeperint‘
823 413 872 475 his
903 434 991 475 man-

81 512 164 577 datis
189 536 264 579 eum
287 517 326 601 ab
351 539 384 581 se
410 517 548 582 dimittit.
589 524 758 601 postquam
782 537 893 580 omnes
915 515 1026 579 Bel-r

80 639 195 701 garum
228 620 335 704 copias
367 627 492 684 coactas
516 620 557 684 ad
585 641 617 684 se
643 621 753 684 venire
782 619 863 681 vidit
887 640 991 703 neque

80 721 146 784 iam
161 721 259 805 longe
275 723 387 787 abesse
404 725 507 807 abiis,
523 745 603 808 quos
618 726 759 803 miserat,
779 724 990 807 exploratori-

80 825 141 889 bus
180 833 213 889 et
249 827 288 890 ab
325 825 436 890 Remis
469 829 639 910 cognovit,
676 829 794 890 flumen
831 826 990 906 Axonam,

81 928 170 1013 quod
193 935 242 992 est
264 930 297 991 in
313 932 464 994 extremis
478 931 603 1012 finibus,
628 932 805 994 exereitum
821 929 989 994 traducere

81 1033 252 1095 maturavit
281 1039 376 1117 atque
405 1034 449 1096 ibi
473 1039 575 1097 eastra
601 1034 719 1117 posuit.
765 1053 845 1116 quae
875 1054 926 1095 res
958 1038 1024 1098 ets

81 1137 164 1199 latus
186 1157 285 1199 unum
310 1143 484 1200 castrorum
507 1138 583 1221 ripis
599 1137 737 1201 fluminis
760 1136 925 1200 muniebat
948 1142 989 1215 et,

80 1246 155 1326 post
178 1262 252 1304 eum
276 1262 358 1324 quae
382 1247 497 1322 essent,
520 1248 589 1305 tuta
611 1241 650 1304 ab
673 1241 817 1304 hostibus
833 1239 991 1303 reddebat

82 1351 128 1427 et,
158 1351 355 1409 commeatus
385 1346 424 1408 ab
447 1345 559 1408 Remis
586 1344 780 1428 reliquisque
811 1343 990 1406 civitatibus

81 1455 117 1511 ut
131 1449 200 1512 sine
216 1448 358 1531 periculo
375 1448 416 1511 ad
433 1469 506 1511 eum
522 1447 642 1532 portari
657 1453 798 1531 possent,
822 1446 988 1510 efficiebat.

81 1553 114 1613 in
145 1572 185 1614 eo
218 1551 347 1614 flumine
379 1571 461 1634 pons
493 1556 571 1614 erat.
616 1550 660 1613 ibi
681 1549 876 1633 praesidium
899 1551 1022 1632 ponite

81 1660 114 1718 et
144 1655 179 1716 in
201 1654 301 1717 altera
322 1659 412 1737 parte
435 1653 572 1716 fluminis
596 1651 634 1725 Q.
658 1652 814 1715 Titurium
837 1652 989 1716 Sabinum

80 1758 224 1840 legatum
240 1778 312 1820 eum
326 1782 356 1820 vr
371 1757 555 1820 cohortibus
569 1757 734 1840 relinquit,
751 1762 854 1819 eastra
868 1756 989 1840 pedum

14 1920 21 1935 ,
79 1886 122 1924 xn
159 1861 244 1924 vallo
276 1861 422 1945 fossaque
456 1861 519 1924 duo
558 1860 598 1923 de
630 1884 674 1923 xx
707 1859 826 1943 pedum
864 1863 988 1925 munire

80 1963 180 2027 iubet.

142 2066 204 2132 VI.
236 2066 289 2129 Ab
321 2068 431 2130 eastris
464 2065 618 2151 oppidum
649 2065 826 2129 Remorum
857 2068 1021 2137 nomine1

80 2171 201 2233 Bibrax
224 2170 334 2234 aberat
355 2170 444 2233 milia
463 2192 614 2255 passuum
631 2176 714 2234 oete.
751 2169 785 2232 id
809 2191 851 2232 ex
874 2171 987 2234 itinere

79 2295 197 2357 magno
222 2275 346 2358 impetu
366 2273 487 2356 Belgae
513 2295 710 2358 oppugnare.
752 2292 847 2354 aegre
872 2294 910 2336 eo
936 2274 988 2337 die

80 2383 291 2440 sustentatum
324 2384 382 2440 est.
436 2377 603 2441 Gallorum
639 2377 753 2441 eadem
784 2383 879 2460 atque
910 2377 1022 2447 Bel-2

79 2502 193 2564 garum
229 2483 426 2565 oppugnatio
459 2487 524 2544 est:
561 2481 615 2543 ubi
648 2480 851 2543 eiroumieota
881 2481 987 2543 multi·

80 2585 191 2648 tudine
213 2586 290 2648 totis
313 2586 481 2649 moenibus
504 2584 646 2667 undique
670 2587 702 2646 in
725 2605 850 2646 murum
865 2584 988 2667 lapides

81 2689 154 2751 iacti
191 2695 265 2750 sunt
298 2709 470 2772 murusque
506 2688 726 2752 defensoribus
759 2688 896 2751 nudatus
930 2696 988 2771 est,

81 2790 243 2855 testudine
274 2791 358 2854 faeta
395 2791 570 2855 suooedunt
601 2813 790 2875 murumque
822 2792 987 2858 subruunt.
1098 2813 1101 2817 ·

81 2895 167 2978 quod
199 2902 269 2958 tum
300 2895 391 2960 facile
420 2895 529 2960 fiebat.
572 2917 645 2958 nam
675 2916 746 2958 eum
770 2900 858 2957 tanta
880 2896 1021 2961 multi-a

81 2998 157 3062 tudo
183 2997 307 3082 lapides
337 3021 373 3062 ao
395 3000 461 3063 tela
483 3000 683 3081 conicerent,
712 3001 745 3061 in
768 3020 858 3061 muro
883 3003 987 3061 oonsi-

81 3100 185 3164 stendi
201 3106 345 3184 potestas
369 3107 437 3165 arat
451 3102 540 3165 nulli.
581 3122 653 3164 oum
667 3102 763 3164 finem
781 3102 988 3186 oppugnandi
1009 3129 1021 3164 ι

80 3225 145 3268 nox
178 3204 325 3286 fecisset,
359 3204 461 3268 locius
491 3203 632 3286 Remus,
664 3225 788 3267 summa
820 3204 987 3270 nobilitate

82 3312 113 3369 et
133 3306 238 3389 gratia
267 3307 351 3370 inter
373 3328 466 3389 suos,
499 3308 553 3391 qui
586 3313 654 3370 tum
679 3308 797 3391 oppido
829 3316 987 3393 praeerat,

81 3429 159 3472 unus
192 3429 234 3472 ax
263 3409 320 3488 iis,
351 3409 405 3493 qui
433 3408 531 3492 legati
563 3408 605 3471 ad
629 3409 798 3474 Caesarem
822 3419 986 3493 venerant,
