2332 3892
157 227 220 288 234
504 226 580 276 VIII.
608 226 721 278 51-52.

156 399 235 462 locis
258 399 500 482 immolabatur,
531 399 676 463 tricliniis
705 399 812 462 stratis
841 399 913 463 fora
935 398 1059 482 templa·

157 524 218 588 que
243 503 497 588 occupabantur,
525 509 561 566 ut
590 503 643 568 vel
668 503 896 588 spectatissimi
918 501 1061 587 triumphi

156 609 278 673 laetitia
300 609 444 694 praecipi
465 615 585 693 posset.
631 613 720 672 tanta
742 614 811 671 erat
833 606 1063 692 magnificentia

156 712 242 798 apud
267 714 497 798 opulentiores,
521 713 680 798 cupiditas
703 712 789 797 apud
811 712 1011 776 humiliores.

122 837 133 874 1
220 816 293 879 LII.
334 816 415 881 Oum
450 836 562 881 omnes
596 817 748 899 regiones
781 814 908 880 Galliae
941 821 1062 899 togatae

156 921 425 1005 percucurrisset,
461 941 585 984 summa
617 920 782 986 celeritate
816 919 859 983 ad
894 921 1063 984 exercitum

156 1024 433 1090 Nemetocennam
465 1025 563 1089 rediit
600 1025 849 1110 legionibusque
888 1047 931 1090 ex
971 1024 1062 1089 omni·

157 1130 215 1193 bus
246 1129 388 1193 hibernis
420 1128 462 1193 ad
491 1129 571 1193 fines
603 1130 820 1194 Treverorum
854 1129 1000 1193 evocatis
1029 1148 1062 1193 co

121 1233 318 1319 rprofectus
342 1241 390 1298 est
412 1234 520 1318 ibique
545 1234 725 1299 exercitum
746 1234 906 1297 lustravit.
947 1233 985 1298 Τ.
1008 1232 1061 1296 La-

154 1339 286 1404 bienum
310 1338 436 1404 Galliae
465 1339 636 1424 praefecit,
665 1359 729 1424 quo
760 1339 882 1403 maiore
907 1359 1062 1403 commen·

157 1443 286 1508 datione
324 1443 549 1509 conciliaretur
580 1443 622 1506 ad
653 1444 838 1508 consulatus
869 1443 1063 1528 petitionem.

155 1547 224 1631 ipse
247 1552 372 1611 tantum
394 1548 544 1612 itinerum
560 1547 709 1631 faciebat,
733 1553 888 1632 quantum
903 1548 982 1612 satis
998 1566 1059 1612 esse

121 1674 134 1712 s
155 1657 288 1736 propter
295 1653 516 1717 salubritatem
527 1652 741 1716 existimabat.
756 1672 952 1738 quamquam
960 1653 1062 1718 crebro

156 1755 308 1820 audiebat
338 1755 517 1820 Labienum
556 1757 595 1820 ab
633 1756 784 1841 inimicis,
806 1757 871 1821 suis
906 1754 1063 1821 sollicitari

156 1861 337 1945 certiorque
367 1860 464 1926 fiebat
492 1860 527 1924 id
556 1860 608 1944 agi
636 1881 814 1946 paucorum
846 1861 1006 1943 consiliis,
1034 1863 1062 1922 ut

155 1965 346 2050 interposita
368 1971 497 2029 senatus
521 1964 711 2029 auctoritate
735 1965 842 2050 aliqua
863 1971 958 2049 parte
979 1985 1061 2031 exer·

155 2071 236 2134 citus
252 2070 453 2154 spoliaretur,
470 2077 577 2134 tamen
593 2091 700 2155 neque
717 2070 757 2135 de
773 2070 919 2135 Labieno
936 2069 1063 2136 credidit

156 2176 325 2259 quicquam
348 2195 468 2260 neque,
500 2181 611 2239 contra
634 2183 764 2240 senatus
787 2174 1063 2243 auctoritatemut

156 2279 277 2364 aliquid
307 2279 447 2361 faceret,
480 2280 595 2364 potuit.
649 2279 811 2343 iudicabat
844 2280 931 2343 enim
964 2276 1062 2344 liberis

155 2383 323 2446 sententiis
346 2389 473 2467 patrum
496 2383 750 2468 conscriptorum
773 2404 904 2448 causam
920 2405 1011 2448 suam
1024 2381 1062 2446 f·

120 2511 133 2548 4
156 2487 216 2550 cile
241 2486 387 2552 obtineri.
419 2508 495 2550 nam
518 2486 554 2552 O.
572 2486 669 2552 Ourio
693 2487 973 2573 tribunusplebis,
997 2506 1058 2552 cum

157 2589 303 2655 Caesaris
327 2612 456 2655 causam
473 2591 726 2676 dignitatemque
745 2590 988 2656 defendendam
1003 2611 1061 2655 sus·

156 2696 310 2779 cepisset,
343 2715 440 2780 saepe
465 2702 533 2759 erat
554 2697 679 2760 senatui
710 2695 873 2780 pollicitus
906 2697 962 2780 ,si,
992 2715 1059 2781 quo·

155 2801 242 2864 niam
277 2800 375 2863 timor
404 2820 566 2864 armorum
598 2799 744 2864 Caesaris
775 2799 942 2884 laederet,
973 2800 1060 2864 Pom·

154 2905 208 2990 pei
240 2903 415 2968 dominatio
446 2923 512 2966 non
541 2904 709 2967 minimum
739 2909 901 2969 terrorem
923 2905 995 2969 foro
1020 2905 1059 2966 iu·

154 3007 268 3089 ferret,
294 3007 475 3071 discederet
497 3012 633 3092 uterque
657 3008 695 3071 ab
722 3008 819 3072 armis
846 3010 1062 3092 exercitusque

156 3113 348 3179 dimitteret:
371 3113 441 3176 fore
466 3132 504 3175 eo
529 3110 613 3176 facto
637 3113 773 3177 liberam
789 3119 821 3178 et
836 3113 886 3177 sui
901 3114 980 3178 iuris
996 3109 1060 3177 ciri·

121 3238 133 3276 a
155 3215 275 3281 tatem‘.
303 3236 410 3300 neque
425 3216 626 3279 hortantum
642 3217 805 3301 pollicitus
822 3222 882 3297 est,
899 3217 1059 3282 sedetiam

93 3383 97 3394 ,
155 3328 285 3384 senatus
326 3320 524 3401 consultum;
564 3320 651 3404 quod
687 3341 728 3384 ne
768 3321 878 3402 fieret,
919 3320 1055 3387 consules

155 3426 312 3510 amicique
334 3424 474 3509 Pompei
498 3425 724 3490 discesserunt.
