2332 3892
479 275 540 326 vrr.
570 276 680 326 ca-ar.
974 275 1034 339 189

127 447 236 511 cilium
275 446 425 511 Bibracte
462 447 627 512 indicitur:
669 449 862 514 conveniunt
893 448 1035 532 undique

125 551 320 635 frequentes.
366 551 524 634 suffragiis
554 573 607 616 res
634 553 843 636 permittitur3
874 553 914 617 ad
937 574 1070 618 unumc

126 676 238 720 omnes
254 654 554 740 Vercingetorigem
569 657 706 740 probant
727 658 963 742 imperatorem.
996 657 1036 723 ab
1058 684 1069 722 1

124 762 187 824 hoc
211 760 347 825 concilio
370 759 483 842 Remi,
512 760 694 845 Lingones,
723 761 855 826 [l'reveri
873 761 1035 843 afuerunt,

126 864 191 946 illi,
225 863 313 948 quod
345 864 519 928 amicitiam
552 863 772 930 Romanorum
812 865 1036 948 sequebantur,

125 967 274 1049 Treveri,
304 969 390 1052 quod
419 969 551 1033 aberant
578 969 707 1052 longius
736 975 768 1032 et
797 968 837 1032 ab
868 968 1037 1033 Germanis

125 1071 364 1156 premebantur.
418 1063 535 1156 magno
575 1071 687 1137 dolore
722 1071 832 1135 Aedui
864 1072 970 1136 ferunt
1000 1094 1070 1137 sea

126 1175 270 1240 deiectos
298 1175 494 1260 principatu,
522 1182 697 1260 queruntur
725 1174 872 1239 fortunae
896 1196 1037 1240 commu-

125 1280 281 1343 tationem
302 1299 407 1364 neque
430 1285 539 1343 tamen
562 1285 712 1363 suscepto
734 1279 821 1343 bello
846 1300 939 1342 suum
962 1301 1036 1344 con-

124 1384 232 1447 silium
260 1383 300 1447 ab
330 1383 460 1467 reliquis
487 1403 634 1466 separare
664 1381 793 1447 audent.
838 1382 930 1446 inviti
952 1404 1070 1446 sum-a

127 1507 196 1551 mae
220 1487 291 1571 spei
306 1486 530 1551 adulescentes
545 1487 751 1572 Eporedorix
766 1493 799 1550 et
813 1485 1036 1551 Viridomarus

124 1589 385 1674 Vercingetorigi
407 1596 530 1674 parent.

187 1692 310 1758 LXIV.
348 1693 490 1777 Imperat
518 1694 650 1779 reliquis
681 1695 863 1759 civitatibus
897 1695 1069 1779 obsides,1

125 1798 212 1863 diem
236 1798 418 1863 constituit:
441 1819 553 1863 omnes
577 1799 711 1881 equites,
734 1822 775 1862 xv
787 1798 876 1862 milia
890 1820 1035 1881 numero,

125 1903 274 1967 celeriter
297 1901 468 1966 convenire
491 1901 590 1966 iubet.
629 1901 794 1985 ,peditatu,
819 1922 853 1966 se
876 1902 944 1966 fore
962 1923 1070 1968 con-a

125 2013 252 2071 tentum
280 2025 385 2089 neque
407 2005 568 2070 fortunam
590 2011 835 2090 temptaturum,
861 2006 934 2087 sed,
958 2028 1036 2090 quo-

125 2112 211 2175 niam
234 2108 376 2174 abundet
405 2110 564 2194 equitatu,
593 2108 746 2192 perfacile
770 2129 841 2172 esse
864 2109 950 2173 factu
973 2109 1037 2173 fru-

125 2213 375 2279 mentationibus
412 2213 735 2298 pabulationibusque
767 2213 932 2278 Romanos
963 2233 1036 2297 pro-

127 2319 253 2399 hibere,
289 2337 392 2401 aequo
425 2317 522 2382 modo
556 2316 663 2381 animo
700 2337 756 2380 sua
786 2316 849 2400 ipsi
879 2315 1070 2388 frumentea

127 2428 331 2506 corrumpant
376 2421 584 2505 aedificiaque
627 2419 817 2484 incendant:
856 2439 952 2502 quam
988 2422 1037 2484 rei

127 2526 293 2590 familiaris
324 2525 478 2589 iacturam
500 2530 694 2609 perpetuum
715 2521 887 2607 imperium
909 2521 1038 2588 liberta-

127 2635 257 2712 temque
293 2624 464 2711 consequi}
518 2626 642 2690 Aeduis
680 2626 949 2711 Segusiauisque,
984 2629 1071 2712 quir

128 2738 200 2797 sunt
222 2730 350 2795 finitimi
364 2730 559 2814 provinciae,
583 2754 605 2794 x
620 2730 708 2793 milia
723 2729 870 2813 peditum
884 2730 1036 2814 imperat;

128 2836 218 2900 addit
241 2835 365 2917 equites
394 2857 478 2899 occo.
523 2834 573 2898 his
596 2832 740 2917 praeficit
762 2831 893 2896 fratrem
915 2833 1071 2917 Epora-5

129 2938 250 3023 derigis
290 2937 474 3022 bellumque
514 2937 631 3000 inferre
668 2935 898 3020 Allobrogibus
939 2936 1036 3000 iubet.

129 3044 230 3108 altera
253 3062 294 3105 ex
321 3047 412 3124 parte
437 3039 577 3105 Gabalos
600 3039 829 3123 proximosque
852 3057 954 3120 pagos
976 3035 1072 3106 Ana

129 3167 300 3217 vernorum
322 3146 356 3208 in
377 3144 524 3224 Helvios,
548 3145 627 3207 item
647 3142 795 3207 Rutenos
813 3140 1038 3225 Cadurcosque

131 3250 170 3315 ad
193 3250 275 3314 fines
297 3248 471 3313 Volcarum
500 3245 765 3311 Arecomicorum
794 3244 1038 3327 depopulandos

131 3355 236 3418 mittit.
288 3352 389 3417 nihilo
425 3353 530 3416 minus
563 3350 769 3414 clandestinis
800 3346 920 3410 nuntiis
951 3348 1071 3431 lega-r

132 3458 334 3540 tionibusque
352 3453 547 3537 Allobrogas
571 3455 730 3535 sollicitat,
755 3470 890 3533 quorum
913 3458 1037 3514 mentes
