2332 3892
419 247 469 298 IV.
497 248 608 298 28—30.
928 247 969 308 93

63 423 183 500 posset,
213 417 271 481 sed
301 418 382 481 aliae
413 418 544 497 eodem,
573 418 659 482 unde
683 422 773 482 erant
794 417 968 501 profectae,

62 523 268 603 referrentur,
300 522 382 585 aliae
410 521 451 585 ad
480 521 663 585 inferiorem
693 527 818 604 partem
845 520 968 582 insulae

60 647 175 709 magno
211 646 282 691 cum
313 625 455 708 periculo
489 624 706 704 deicerentur3
747 644 828 708 quae
860 630 1000 686 tamena

59 729 184 793 ancoris
208 729 299 791 iactis
323 749 395 791 cum
417 726 564 789 fluctibus
588 727 834 810 complerentur,
856 746 968 789 neces-

60 833 141 895 sario
166 830 302 894 adversa
323 837 418 894 nocte
441 830 475 893 in
497 831 598 893 altum
613 838 786 913 provectae
803 830 968 893 coutinen-

58 940 123 997 tem
146 934 319 1016 petierunt.

122 1034 251 1098 XXIX.
283 1034 331 1098 Ea
353 1035 439 1098 enim
460 1040 555 1100 nocte
578 1035 704 1116 accidit,
727 1042 763 1097 ut
786 1041 872 1097 esset
892 1034 969 1097 luna
989 1053 1001 1092 1

58 1140 165 1223 plena,
189 1138 243 1221 qui
266 1137 335 1201 dies
353 1144 461 1201 aestus
475 1138 633 1202 maximos
650 1137 776 1201 efficere
793 1137 968 1216 consuevit,

58 1241 239 1324 nostrisque
262 1240 295 1303 id
319 1247 386 1304 erat
407 1241 616 1325 incognitum.
662 1242 706 1305 ita
734 1262 798 1305 uno
821 1246 1001 1325 tempores

59 1351 91 1407 et
113 1345 228 1428 longas
249 1364 364 1424 naves,
388 1343 501 1425 quibus
526 1342 644 1407 ansar
666 1344 843 1407 exercitum
864 1350 968 1406 trans

58 1446 254 1530 portendunt
286 1452 450 1510 curaverat
482 1465 622 1529 quasque
655 1446 688 1510 in
729 1446 853 1509 aridum
895 1446 969 1509 sub-

59 1550 212 1630 duxerat,
241 1555 348 1612 aestus
376 1549 594 1632 compleverat
623 1556 655 1612 et
679 1550 856 1630 onerarias,
886 1568 967 1631 quae

58 1652 101 1715 ed
123 1673 256 1715 ancoras
272 1658 371 1733 erant,
394 1658 569 1734 tempestas
586 1652 767 1716 adflictabat
781 1672 885 1735 neque
902 1652 968 1714 ulla

57 1754 193 1818 facultas
215 1754 458 1818 administrandi
481 1754 625 1818 dabatur.
671 1757 888 1839 compluribus
911 1777 965 1818 na·
988 1771 1001 1810 ³

56 1857 153 1922 vibus
174 1856 282 1920 fractis
303 1857 444 1940 reliquae
469 1878 541 1921 cum
559 1865 667 1921 essent
681 1859 819 1939 funibus,
842 1860 967 1922 ancoris

56 1960 252 2042 reliquisque
281 1960 486 2023 armamentis
515 1961 639 2023 amissis
674 1960 717 2024 ad
751 1961 968 2044 navigandum

56 2063 198 2145 inutiles,
214 2085 331 2147 magua
345 2063 446 2146 (quod
460 2084 593 2127 necesse
610 2070 678 2126 erat
693 2062 852 2144 accidere)
868 2066 967 2128 totius

57 2168 219 2231 exercitus
241 2167 438 2251 perturbatio
460 2167 544 2230 facta
560 2174 618 2230 est.
648 2169 854 2250 nequeenim
868 2163 966 2232 naves
987 2189 1001 2228 4

57 2278 150 2335 erant
171 2270 270 2351 aliae,
301 2270 414 2353 quibus
436 2270 593 2354 reportari
615 2277 763 2354 possent,
796 2277 829 2334 et
861 2273 968 2335 omnia

56 2373 209 2455 deerant,
232 2393 314 2456 quae
337 2372 379 2435 ed
401 2373 590 2437 reficiendas
612 2375 695 2456 usui,
719 2382 751 2438 et
773 2375 968 2439 frumentum

55 2477 92 2540 in
111 2475 254 2540 hiemem
275 2475 439 2559 provisum
461 2499 526 2541 non
549 2484 627 2540 erat.

121 2576 230 2641 XXX.
269 2576 392 2652 Quibus
421 2579 518 2642 rebus
547 2580 685 2663 cognitis
714 2581 874 2663 principes
897 2582 1001 2644 Bri-r

57 2682 197 2760 taurise,
221 2681 275 2764 qui
296 2688 371 2765 post
392 2683 552 2766 proelium
574 2690 804 2764 convenerant,
827 2685 910 2747 inter
933 2704 967 2747 se

58 2784 236 2866 conlocuti,
269 2804 342 2848 cum
364 2785 486 2868 equites
519 2791 551 2849 et
582 2805 681 2850 naves
711 2792 743 2851 et
774 2786 968 2849 frumentum
1001 2765 1007 2779 ⁶

58 2890 172 2953 deesse
204 2888 430 2972 intellegerent
461 2895 493 2953 et
523 2890 719 2973 paucitatem
750 2890 887 2952 militum
927 2909 968 2951 ex

59 2998 236 3056 castrorum
251 2992 428 3074 exiguitate
445 2999 675 3076 cognoscerent
689 2991 784 3076 (quae
800 2992 862 3056 hoc
878 2999 968 3054 erant
989 3015 1001 3053 r

59 3095 156 3160 etiam
179 3097 374 3180 angustiora,
398 3095 485 3179 quod
508 3083 576 3158 sine
599 3093 827 3178 inpedimentis
852 3093 969 3156 Caesar

58 3198 204 3282 legiones
227 3195 524 3283 transportaverat),
548 3197 705 3281 optimum
721 3218 792 3260 esse
808 3196 969 3259 duxerunt

58 3301 237 3365 rebellione
266 3300 351 3366 lacta
368 3301 536 3374 ,frumento
567 3305 810 3382 commeatuque
841 3307 968 3362 nostros

60 3404 231 3487 prohibere
247 3409 280 3467 et
294 3426 363 3469 rem
378 3405 412 3468 iu
426 3405 568 3468 hiemem
582 3402 777 3486 producere:
794 3403 844 3484 ,iis
862 3401 968 3464 reditu
