2332 3892
159 226 221 287 132
553 245 601 294 v1.
631 243 708 293 2-4.

156 396 381 462 iureiurando
405 399 487 463 inter
510 420 544 463 se
568 400 755 464 confirmant
778 399 1008 485 obsidibusque
1025 401 1064 466 de

155 502 293 584 pecunia
329 509 458 583 oavent3
495 501 720 587 Ambiorigem
751 503 811 567 sibi
846 505 1002 569 sooietate
1034 512 1064 568 et

121 617 135 657 ⁸
156 601 287 667 foedere
309 603 496 689 adiungunt.
529 605 661 687 Caesar,
686 627 757 669 oum
779 605 921 690 undique
945 608 1063 671 bellum

155 709 261 792 parari
275 708 411 792 videret,
432 710 581 791 Nervios,
603 708 803 791 Aduatucos,
824 710 995 794 Menapios
1011 710 1064 774 ad·

156 811 272 876 iunctis
303 811 507 877 Cisrhenanis
540 812 687 877 omnibus
720 813 889 877 Germanis
922 834 994 877 esse
1031 813 1062 876 in

157 916 263 995 armis,
286 914 429 979 Senonas
444 914 486 978 ad
501 916 693 998 imperatum
714 936 780 978 non
803 915 914 979 venire
939 921 972 980 et
995 937 1063 980 oum

15 1009 18 1014 ¹
97 1005 99 1065 Ϊ
159 1018 349 1082 Carnutibus
371 1017 576 1100 finitimisque
606 1016 787 1081 civitatibus
817 1017 953 1082 oonsilio
981 1040 1064 1083 oom-

157 1123 330 1203 munieare,
353 1121 392 1185 ab
415 1121 562 1185 Treveris
586 1120 766 1186 Germanos
789 1120 908 1184 erebris
931 1121 1064 1205 legatio·

157 1227 251 1291 nibus
274 1225 453 1306 sollicitari,
482 1225 636 1289 maturius
666 1224 726 1288 sibi
750 1223 900 1289 debello
924 1225 1064 1309 cogitan-

160 1328 237 1392 dum
258 1328 392 1411 putavit.
639 1390 641 1395 .

123 1450 136 1489 r
223 1431 285 1495 ΙΠ.
318 1431 432 1514 Itaque
455 1431 598 1496 nondum
620 1431 726 1496 hieme
750 1431 895 1496 confecta
909 1431 1063 1516 proximis

159 1541 308 1619 quattuor
330 1534 447 1598 ooaotis
469 1534 651 1618 legionibus
674 1533 715 1597 de
737 1535 901 1617 inproviso
924 1535 960 1598 in
985 1533 1063 1597 fines

123 1639 351 1703 internorum
367 1636 538 1702 oontendit
562 1643 608 1718 et,
637 1637 822 1721 priusquam
844 1636 891 1700 illi
914 1642 970 1699 aut
992 1657 1062 1700 oon·

157 1742 268 1807 venire
290 1748 345 1806 aut
366 1740 536 1826 profugere
558 1747 707 1825 possent,
730 1760 846 1824 magno
869 1739 998 1822 peeoris
1019 1743 1062 1801 at·

158 1864 220 1928 que
250 1844 417 1909 hominum
447 1864 580 1908 numero
613 1849 707 1927 capto
738 1849 833 1926 atque
868 1863 908 1906 ea
946 1841 1063 1926 praeda

157 1946 311 2010 militibus
334 1966 487 2010 concessa
505 1945 701 2028 vastatisque
717 1946 801 2028 agris
816 1946 851 2008 in
866 1944 1060 2010 deditionem

34 2119 38 2130 ‚
156 2049 265 2113 venire
289 2056 384 2132 atque
408 2048 536 2113 obsides
559 2048 620 2112 sibi
642 2047 718 2114 dare
749 2047 864 2131 ooegit.
910 2069 950 2113 eo
982 2049 1060 2113 cele·

155 2153 233 2216 riter
255 2151 399 2216 eonfeoto
422 2151 554 2236 negotio
576 2172 684 2216 rursus
706 2151 740 2214 in
762 2151 897 2215 hiberna
918 2151 1059 2235 legiones

122 2256 294 2320 rreduxit.
340 2256 476 2320 oonoilio
498 2256 602 2338 primo
624 2275 710 2336 vere,
733 2254 781 2318 uti
802 2253 995 2335 instituerat,
1016 2255 1059 2317 in·

157 2359 253 2441 dioto,
277 2379 349 2422 oum
366 2359 481 2441 reliqui
495 2365 623 2442 praeter
637 2358 792 2439 Senonas,
816 2357 973 2422 Carnutes
987 2358 1058 2422 Tre·

155 2483 312 2547 verosque
334 2463 515 2542 venissent,
540 2461 729 2527 defectionis
750 2463 814 2526 hoo
837 2481 909 2525 esse
932 2462 1057 2526 arbitra·

155 2572 225 2647 tus,
256 2571 292 2628 ut
325 2565 431 2629 omnia
461 2571 657 2649 postponere
679 2563 867 2647 rideretur,
894 2567 1055 2631 ooneilium

122 2691 135 2729 s
154 2667 316 2731 Lutetiam
337 2666 533 2731 Parisiorum
556 2669 714 2734 transfert.
753 2669 894 2735 confines
918 2678 1007 2735 erant
1026 2669 1055 2735 hi

155 2769 335 2834 Senonibus
377 2770 602 2854 civitatemque
642 2778 769 2856 patrum
800 2772 958 2837 memoria
989 2795 1055 2838 oon·

154 2874 339 2953 iunxerant,
369 2872 427 2936 sed
453 2874 492 2938 ab
515 2876 578 2940 hoo
601 2877 734 2941 oonsilio
758 2875 875 2941 afuisse
899 2878 1055 2941 existima·

121 2997 134 3034 a
152 2977 279 3040 bantur.
322 2974 440 3038 haere
462 2977 667 3059 pronuntiata
689 2977 806 3042 eodem
828 2977 882 3042 die
914 3000 986 3043 oum
1014 2980 1056 3043 le·

155 3077 303 3162 gionibus
338 3075 549 3159 proficiscitur
585 3079 773 3162 magnisque
810 3079 979 3144 itineribus
1016 3099 1056 3165 eo

155 3179 311 3263 pervenit.

98 3337 104 3353 .
121 3309 132 3348 1
218 3281 277 3346 IV.
299 3279 448 3365 ..Cognito
472 3282 611 3347 adventu
625 3279 724 3364 Aooo,
747 3282 802 3366 qui
821 3285 971 3370 prinoeps
987 3305 1062 3350 eon·

156 3383 218 3446 silii
240 3383 351 3465 fuerat,
374 3386 462 3450 iubet
485 3384 722 3451 multitudinem
745 3389 927 3453 convenire.
959 3388 1068 3472 prius·
