2332 3892
472 242 536 293 vn.
565 243 676 293 ei-ss.
972 243 1032 306 201

125 417 267 482 adventu
291 435 485 500 cognoscere
502 421 645 499 possent,
669 419 771 478 crates
786 415 943 498 proicere,
966 416 1036 479 lun·

125 522 183 602 dis,
208 519 345 605 sagittis,
367 518 528 602 lapidibus
546 524 674 583 nostros
690 517 732 582 de
746 518 831 582 vallo
847 519 1036 602 proturbare

124 625 321 708 reliquaque,
344 641 425 706 quae
441 620 483 685 ad
499 621 773 705 oppugnationem
787 622 959 705 pertinent,
980 621 1035 686 ad-

125 728 316 792 ministrare.
351 724 467 790 eodem
488 711 635 807 tempore
656 724 795 789 clamore
812 724 965 790 exaudito
982 724 1037 788 dat
1058 750 1072 792 s

125 831 202 896 tuba
225 831 352 914 signum
375 829 440 892 suis
460 828 710 912 Vercingetorix
732 834 828 910 atque
852 848 894 890 ex
917 827 1036 910 oppido
1071 860 1072 863 ¹

126 933 244 999 educit.
274 933 385 1014 nostri,
403 939 440 996 ut
455 932 672 1016 superioribus
687 931 802 997 diebus
818 933 932 1016 cuique
947 934 1037 997 locus
1058 959 1072 996 a

126 1036 320 1119 adtributus,
349 1036 456 1100 fundis
478 1036 637 1102 librilibus
661 1035 873 1120 sudibusque,
903 1055 980 1120 quas
1004 1035 1038 1100 in

127 1159 226 1224 opere
250 1137 483 1222 disposuerant,
507 1140 619 1204 Gallos
641 1143 830 1223 proterrent.
867 1144 1072 1223 prospectus

126 1241 269 1307 tenebris
306 1241 458 1326 adempto
494 1242 596 1306 multa
628 1241 788 1324 utrimque
819 1243 953 1307 vulnera
984 1263 1038 1306 ac·

128 1347 299 1430 cipiantur.
342 1344 506 1428 complura
534 1344 704 1408 tormentis
732 1344 799 1408 tela
829 1345 1038 1409 coniciuntur.

128 1456 161 1516 at
188 1448 234 1514 M.
256 1446 417 1513 Antonius
446 1454 479 1512 et
509 1446 544 1511 d.
568 1448 748 1512 Trebonius
777 1447 892 1532 legati,
924 1448 1072 1531 quibust

127 1555 189 1619 hae
221 1557 329 1637 partes
361 1552 574 1633 obvenerant,
605 1571 668 1634 qua
695 1555 823 1615 nostros
855 1549 959 1634 premi
989 1551 1037 1614 in-

128 1656 330 1736 tellexerant,
355 1674 397 1719 ex
410 1653 616 1719 ulterioribus
632 1652 773 1716 castellis
789 1651 945 1716 deductos
964 1652 1037 1717 sub·

129 1758 309 1824 mittebant.

192 1859 365 1925 LXXXII.
397 1859 485 1924 Dum
514 1861 643 1944 longius
672 1861 805 1925 aberant
834 1860 936 1941 Galli,
967 1861 1072 1943 plusr

129 1962 333 2029 multitudine
348 1964 487 2028 telorum
501 1963 724 2047 proficiebant;
741 1967 951 2047 posteaquam
965 1985 1038 2047 pro·

128 2070 201 2154 pius
224 2072 455 2150 successerunt,
477 2072 532 2130 aut
554 2087 589 2131 se
613 2067 748 2131 stimulis
770 2067 973 2149 inopinantes
991 2067 1038 2131 in·

130 2171 272 2237 duebant
299 2176 354 2236 aut
381 2171 415 2234 in
444 2170 573 2235 scrobes
602 2169 727 2255 delapsi
748 2169 1038 2235 transfodiebantur

129 2282 183 2341 aut
197 2275 323 2340 traiecti
337 2274 412 2358 pilis
426 2274 601 2339 muralibus
616 2274 798 2339 interibant.
821 2273 929 2337 multis
943 2273 1036 2337 undi-
1058 2298 1071 2338 a

129 2399 190 2464 que
213 2377 399 2444 vulneribus
421 2378 561 2462 acceptis
581 2378 669 2443 nulla
683 2377 860 2442 munitione
875 2382 1037 2461 perrupta,

130 2502 202 2546 cum
229 2479 288 2545 lux
317 2479 499 2564 adpeteret,
527 2480 637 2562 veriti,
665 2500 706 2546 ne
736 2480 776 2544 ab
800 2480 902 2544 latere
926 2486 1037 2564 aperto

130 2583 449 2665 circumvenirentur,
472 2602 507 2648 se
530 2583 572 2648 ad
594 2604 669 2647 suos
691 2588 891 2666 receperrmt.
937 2591 970 2648 at
991 2586 1071 2649 in·s

130 2687 280 2768 teriores,
309 2685 386 2751 dum
412 2686 536 2769 priores
558 2685 661 2751 fossas
684 2685 833 2770 explent,
864 2685 982 2750 diutius
1004 2688 1071 2756 ina
1127 2675 1131 2682 ’

130 2790 178 2855 his
207 2789 303 2854 rebus
331 2788 590 2853 administrandis
620 2789 736 2853 morati
764 2789 852 2873 prius
877 2810 952 2855 suos
974 2789 1038 2854 dis·

131 2894 264 2959 cessisse
294 2896 513 2976 oognoverunt
542 2911 637 2974 quam
666 2891 896 2956 munitionibus
921 2891 1038 2977 adpro·

131 2996 329 3081 pinquarent.
361 2995 406 3059 ita
426 3015 462 3059 re
477 2995 595 3059 iniecta
608 2996 641 3059 in
657 2996 812 3080 oppidum
826 2999 1035 3061 reverterunt.

192 3097 381 3162 LXXXIII.
411 3099 469 3162 Bis
485 3120 602 3183 magno
620 3119 692 3163 cum
708 3099 901 3162 detrimento
917 3099 1038 3181 repulsi
1060 3128 1071 3166 1

135 3202 226 3283 Galli,
250 3201 328 3285 quid
344 3205 451 3284 agant,
475 3201 660 3282 consulunt3
683 3201 828 3266 locorum
844 3199 965 3283 peritos
979 3199 1036 3264 ad-

134 3304 255 3370 hibent:
272 3309 447 3368 castrorum
463 3304 541 3368 situs
556 3305 812 3388 munitionesque
829 3312 1036 3387 cognoscunt.

136 3412 198 3470 erat
212 3428 232 3472 a
247 3406 516 3490 septentrionibus
532 3408 632 3490 collis,
655 3428 750 3491 quem
765 3414 897 3492 propter
912 3409 1034 3491 magni·
1058 3434 1070 3471 e
