2332 3892
196 242 235 304 70
553 243 603 293 111.
633 242 742 293 ru-1s.

193 413 316 476 milium
349 413 451 498 spatio
483 415 682 480 consedisset
713 414 909 498 cottidieque
941 412 1107 498 pugnandi

193 524 387 601 potestatem
415 518 552 597 iaceret,
583 527 618 583 ut
645 521 709 583 iam
737 538 802 582 non
832 519 936 582 solum
960 516 1107 581 hostibus

193 621 226 683 in
250 623 525 706 contemptionem
542 623 677 687 Sabinus
694 624 828 704 veniret,
851 622 909 686 sed
933 622 1031 686 etiam
1044 622 1106 686 mi·

160 724 286 787 alitum
315 726 447 789 vocibus
478 746 545 788 non
574 728 653 790 nihil
688 732 888 811 carperetur3
921 732 1106 810 tantamque

195 829 380 913 opinionem
410 829 534 892 timoris
563 829 725 912 praebuit,
758 835 794 892 ut
823 830 886 892 iam
915 827 957 892 ad
985 828 1106 892 vallum

160 949 172 989 u
193 932 302 996 hostes
326 931 481 995 accedere
505 932 670 997 auderent.
709 932 742 995 id
766 953 804 996 ea
828 932 868 996 de
889 952 985 995 causa
1007 931 1104 996 facie-

193 1034 264 1115 bat,
296 1035 479 1119 quodcum
503 1041 591 1099 tanta
613 1036 828 1119 multitudine,
852 1037 1042 1121 praesertim
1066 1055 1104 1099 eo

195 1137 336 1218 absente,
360 1138 415 1222 qui
438 1160 595 1202 summam
618 1139 746 1223 imperii
766 1145 901 1220 teneret,
924 1139 985 1201 nisi
1000 1159 1105 1223 aequo

194 1240 266 1304 loco
297 1248 351 1304 aut
375 1243 614 1325 opportunitate
645 1243 751 1326 aliqua
775 1242 849 1305 data
877 1243 985 1326 legato
1012 1241 1105 1305 dimi·

195 1343 331 1407 candum
354 1366 420 1408 non
444 1345 658 1409 existimabat.
741 1334 743 1338 ⁵

55 1437 59 1442 ’
161 1477 171 1516 1
258 1445 385 1510 XVIII.
426 1447 498 1511 Hac
536 1449 720 1512 confirmata
759 1449 909 1533 opinione
949 1448 1105 1513 idoneum

194 1551 356 1635 quendam
384 1551 549 1616 homiuem
578 1551 699 1635 delegit
723 1552 852 1616 Gallum
876 1573 919 1616 ex
940 1553 995 1633 iis,
1024 1573 1105 1637 quos

161 1675 303 1722 rsecum
326 1653 474 1718 habebat.
520 1654 593 1716 huic
617 1655 740 1737 magnis
772 1655 923 1739 praemiis
946 1656 1104 1739 pollicita·

195 1759 398 1842 tionibusque
431 1757 621 1841 persuadet,
661 1759 708 1821 uti
739 1757 781 1820 ad
811 1758 921 1822 hostes
953 1764 1103 1823 transeat.

160 1890 173 1929 a
196 1863 327 1948 qui-ubi
355 1883 413 1946 pro
437 1861 573 1947 perfuga
595 1861 636 1925 ad
660 1881 716 1925 eos
739 1862 840 1942 venit,
863 1862 1013 1924 timorem
1036 1861 1103 1925 Ro-

196 1987 362 2031 manorum
386 1967 547 2050 proponit,
577 1967 691 2051 quibus
715 1967 869 2049 angustiis
892 1967 960 2050 ipse
986 1965 1104 2029 Caesar

161 2097 174 2134 4
195 2091 214 2134 a
235 2069 371 2136 Venetis
393 2076 567 2154 prematur,
593 2092 707 2155 ,neque
730 2070 857 2152 longius
881 2069 1004 2149 abesse,
1028 2069 1105 2153 quin

194 2177 343 2260 proxima
364 2182 459 2240 nocte
475 2175 610 2239 Sabinus
629 2175 711 2238 olam
735 2195 777 2238 ex
793 2173 902 2236 castris
926 2172 1105 2236 exercitum

162 2303 174 2341 a
196 2280 312 2344 educat
341 2285 374 2344 et
396 2278 437 2341 ad
461 2277 635 2342 Caesarem
656 2273 894 2362 proficiscatur.‘
938 2275 1027 2360 quod
1049 2275 1105 2338 ubi

196 2383 340 2447 auditum
357 2388 415 2463 est,
440 2381 640 2444 conclamant
656 2400 767 2443 omnes
782 2381 995 2460 ,occasionem
1011 2381 1104 2443 amit-

162 2488 327 2552 utendam
349 2507 415 2550 non
439 2505 526 2565 esse,
556 2483 596 2547 ad
620 2488 722 2546 castra
744 2483 782 2545 iri
805 2480 976 2567 oportere.‘
1021 2484 1104 2546 mul-

196 2597 247 2655 tae
281 2612 334 2654 res
364 2590 404 2653 ad
433 2589 496 2653 hoo
535 2588 702 2652 consilium
733 2586 843 2651 Gallos
877 2587 1103 2652 hortabantur:

196 2693 396 2777 superiorum
433 2691 569 2779 dierum
611 2692 790 2772 cunctatio,
832 2691 987 2775 perfugae
1027 2713 1103 2755 con-

196 2796 348 2878 firmatio,
379 2795 488 2879 inopia
518 2794 723 2875 cibariorum,
748 2794 798 2857 cui
829 2796 876 2858 rei
909 2816 1020 2879 parum
1056 2796 1103 2860 di-

196 2899 334 2982 ligenter
376 2903 445 2961 erat
487 2868 669 2982 provisum,
718 2918 791 2981 spes
832 2897 984 2963 Venetici
1027 2901 1105 2967 belli

197 3007 230 3064 et
268 3001 354 3087 quod
390 3001 458 3065 fere
492 3001 630 3065 libenter
663 3001 810 3066 homines
841 3000 889 3083 id,
927 3004 1014 3088 quod
1045 3025 1103 3067 vo·

162 3104 283 3184 olunt,
324 3103 467 3191 credunt.
521 3104 571 3167 his
608 3104 704 3169 rebus
737 3103 868 3168 adducti
906 3125 972 3168 non
1015 3107 1104 3190 prius

197 3205 418 3270 Viridovicem
452 3207 657 3291 reliquosque
689 3208 785 3271 duces
815 3227 858 3271 ex
889 3209 1024 3274 concilio
1056 3210 1103 3274 di-

198 3311 328 3374 mittunt
350 3331 443 3395 quam
475 3312 600 3396 copiam
624 3312 755 3393 faciant,
778 3317 815 3374 ut
837 3310 878 3375 ad
900 3318 1002 3376 castra
1027 3334 1102 3377 con·

162 3413 341 3482 stendant.
395 3434 458 3499 qua
487 3435 523 3479 re
556 3434 706 3479 concessa
740 3415 831 3497 laeti,
865 3421 901 3478 ut
935 3416 1104 3498 explorata
