2332 3892
158 216 219 279 170
396 292 399 301 ,
509 218 571 269 vn.
600 217 710 269 au-ao.

121 390 189 461 oin
219 411 316 474 opere
346 391 466 455 versari
495 391 587 455 iussit
617 397 649 456 et
675 392 857 476 legionibus
880 395 916 458 in
941 397 1056 459 occulto

156 495 324 577 expeditis,
349 496 542 576 cohortatus,
564 501 600 559 ut
623 496 792 578 aliquando
816 517 875 580 pro
901 499 998 561 tantis
1019 500 1055 561 l·

155 599 285 663 boribus
315 599 453 661 fructum
482 599 635 663 victoriae
666 600 886 683 perciperent,
920 602 979 682 iis,
1011 602 1055 685 qui

155 702 249 786 primi
287 723 412 765 murum
450 701 684 784 escendissent,
716 704 860 786 praemia
896 705 1055 788 proposuit

121 835 134 874 ε
156 806 371 888 militibusque
402 805 529 889 signum
552 804 650 868 dedit.
695 806 742 868 illi
765 807 871 870 subito
897 827 940 871 ex
965 809 1054 873 omni·

154 908 214 973 bus
256 908 398 992 pertibus
436 908 644 972 evolaverunt
687 929 878 992 murumque
917 911 1054 976 celeriter

157 1011 407 1094 compleverunt.

122 1148 133 1187 1
220 1113 380 1177 XXVIII.
416 1115 537 1179 Hostes
573 1136 609 1181 re
645 1139 730 1182 nova
758 1119 941 1202 perterriti,
973 1140 1054 1184 muro

155 1217 357 1300 turribusque
382 1217 499 1282 deiecti
521 1219 555 1282 in
576 1219 646 1285 foro
670 1241 707 1284 ac
728 1221 808 1286 locis
830 1224 1054 1306 patentioribus

121 1353 134 1392 2
157 1322 316 1386 cuneatim
340 1322 559 1385 constiterunt.
603 1322 658 1386 ubi
686 1324 848 1387 neminem
870 1325 905 1388 in
926 1347 1053 1411 aequum

155 1427 262 1490 locum
285 1445 355 1488 sese
380 1424 548 1490 demittere
573 1425 630 1490 sed
652 1432 721 1491 toto
739 1427 881 1511 undique
896 1449 989 1494 muro
1005 1430 1054 1493 cir·

156 1529 319 1594 cumfundi
340 1528 505 1611 viderunt,
537 1530 632 1594 veriti
653 1549 694 1594 ne
718 1531 847 1595 omnino
871 1552 947 1616 spes
969 1532 1054 1616 fugae

155 1633 336 1714 tolleretur,
365 1633 497 1697 abiectis
526 1635 622 1697 armis
651 1634 779 1698 ultimas
812 1635 926 1720 oppidi
956 1641 1053 1720 partes

121 1765 134 1805 a
156 1738 355 1801 continenter
368 1738 551 1822 petiverunt
566 1758 713 1822 parsque,
731 1760 803 1803 cum
819 1745 957 1822 angusto
974 1739 1051 1803 exitu

154 1849 318 1927 portarum
350 1861 384 1904 se
417 1841 479 1924 ipsi
506 1848 702 1924 premerent,
735 1863 754 1906 a
782 1842 956 1925 militibus,
990 1861 1051 1927 pars

154 1946 218 2010 iam
248 1966 376 2030 egresse
403 1946 504 2029 portis
535 1946 575 2010 ab
609 1946 768 2030 equitibus
804 1951 854 2010 est
885 1945 1049 2010 interfecta.

120 2070 214 2114 inec
236 2050 295 2112 fuit
317 2049 493 2133 quisquam,
517 2049 571 2133 qui
593 2049 732 2132 praedae
756 2048 916 2112 studeret:
941 2049 1047 2112 scilicet

157 2152 336 2216 Cenabensi
369 2151 466 2215 caede
499 2158 531 2215 et
560 2151 670 2216 labore
690 2153 812 2235 ‘operis
843 2152 969 2216 incitati
996 2167 1047 2214 non

155 2261 259 2318 aetate
284 2254 452 2335 confectis,
481 2275 546 2318 ncn
568 2254 770 2336 mulieribus,
800 2275 866 2318 non
888 2253 1046 2319 infantibus

122 2364 374 2441 spepercerunt.
421 2356 558 2440 denique
582 2378 623 2423 ex
646 2359 733 2422 omni
751 2378 896 2441 numero,
927 2359 980 2444 qui
999 2353 1045 2419 fuit

156 2463 280 2524 circiter
302 2461 424 2524 milium
446 2483 502 2541 xn,
524 2461 581 2525 vix
602 2483 692 2544 cccc,
716 2461 771 2546 qui
792 2461 898 2545 primo
922 2462 1042 2525 clamore

155 2563 263 2627 audito
296 2583 329 2626 se
362 2583 403 2627 ex
436 2563 555 2646 oppido
594 2564 773 2646 eiecerant,
807 2565 987 2630 incolumes
1012 2553 1043 2622 cd

122 2665 454 2750 cVercingetorigem
485 2675 708 2750 pervenerunt.
762 2688 841 2752 quos
873 2669 929 2732 ille
961 2663 1044 2730 multe

155 2768 218 2831 iam
240 2774 335 2831 nocte
363 2768 408 2831 sic
437 2770 566 2852 excepit
590 2768 724 2850 (veritus
752 2790 857 2853 nequa
887 2770 922 2835 in
951 2763 1043 2834 cestris

84 2929 88 2936 .
156 2891 310 2935 concursu
340 2876 372 2934 et
395 2871 613 2936 misericordia
641 2873 730 2958 vulgi
752 2873 868 2937 seditio
894 2863 1042 2946 ereccon),

154 2980 190 3038 ut
211 2973 323 3057 procul
344 2973 375 3036 in
401 2974 453 3038 via
476 2974 639 3058 dispositis
657 2976 866 3039 familiaribus
890 2978 954 3040 suis
975 2972 1042 3059 priu-

156 3079 340 3162 cipibusque
364 3078 527 3141 civitatum
558 3078 767 3161 disparandos
791 3077 1041 3158 deducendosque
1091 3140 1093 3149 ,

156 3180 196 3244 ed
219 3202 292 3244 suos
318 3186 450 3243 curaret.

123 3317 134 3356 1
219 3283 344 3348 XXIX.
377 3285 512 3348 Postero
544 3285 595 3349 die
626 3280 761 3351 concilio
787 3294 960 3351 convocato
983 3297 1040 3346 con·

157 3388 275 3451 solatus
299 3388 545 3472 cohortatusque
569 3395 626 3470 est,
649 3410 690 3452 ne
714 3409 748 3452 se
765 3389 938 3454 admodum
953 3384 1040 3451 aniffl0
1091 3446 1093 3451 .
