2332 3892
457 222 492 272 ΙΙ.
522 225 633 272 11-13.
959 222 1000 284 47

91 392 200 458 dinem
222 392 462 476 interfecerunt,
508 400 659 479 quantum
683 394 742 457 fuit
755 393 819 458 diei
842 396 999 479 spatium:

90 497 149 560 sub
174 470 464 634 occasundsolissse
480 499 513 560 in
530 504 640 580 castra,
664 504 699 561 ut
715 505 783 561 erat
799 500 1000 583 imperatum,

90 609 294 688 receperunt.
818 614 820 618 ‘

155 707 234 773 XII.
263 707 425 772 Postridie
442 709 510 773 eius
534 708 598 772 diei
617 708 744 788 Caesar,
761 707 945 789 priusquam
967 659 1041 801 ⁸0!ss

91 833 134 876 ex
167 811 245 894 fuga
276 811 472 895 reciperent,
511 813 545 874 in
577 811 657 875 fines
691 810 914 892 Suessionum,
949 810 1003 893 qui

90 914 232 998 proximi
254 912 365 977 Remis
389 920 488 995 erant,
512 915 690 979 exercitum
714 913 806 977 duxit
829 919 861 977 et
883 933 1000 996 magno

90 1008 279 1117 itinerelad
311 1016 465 1102 oppidum
487 1016 717 1081 Noviodunum
748 1015 924 1080 contendit.
968 1015 1036 1077 ido

92 1142 134 1185 ex
156 1121 271 1184 itinere
296 1141 482 1204 oppugnare
511 1127 663 1202 conatus,
687 1120 775 1204 quod
803 1141 940 1183 vacuum
962 1120 1001 1184 ab

94 1223 315 1287 defensoribus
345 1244 415 1287 esse
447 1222 611 1305 audiebat,
640 1230 773 1308 propter
799 1224 1002 1288 latitudinem

92 1327 196 1392 fossae
219 1329 364 1412 murique
388 1327 590 1391 altitudinem
612 1328 721 1412 paucis
756 1326 1002 1392 defendentibus

92 1452 277 1517 expugnare
291 1451 356 1493 non
372 1432 486 1515 potuit.
511 1432 619 1495 castris
631 1433 760 1495 munitis
776 1433 885 1495 vineas
902 1453 999 1517 agere
1023 1459 1036 1497 1

92 1555 237 1619 quaeque
258 1533 299 1597 ad
314 1535 565 1618 oppugnandum
579 1536 650 1598 usui
683 1541 773 1599 erant
805 1527 1042 1645 compararepl

90 1638 219 1701 interim
239 1638 340 1700 omnis
351 1659 393 1702 ex
407 1638 484 1722 fuga
492 1639 700 1702 Suessionum
711 1628 1001 1759 multitudoffroxi-
1022 1662 1035 1699 1

91 1763 144 1804 ma
164 1747 261 1805 nocte
287 1743 445 1806 convenit.
468 1740 710 1840 [magnitudine
734 1763 886 1826 operum,
919 1763 1035 1827 quaes

91 1865 199 1929 neque
215 1844 361 1909 viderant
376 1852 449 1909 ante
468 1866 573 1930 neque
592 1844 767 1927 audierant,
787 1852 820 1909 et
835 1847 999 1911 celeritate

91 1948 313 2012 Romanorum
331 1955 471 2033 permoti
483 1950 608 2032 legatos
627 1947 668 2010 ad
689 1949 859 2012 Caesarem
884 1949 924 2013 de
945 1950 1000 2013 de-

93 2050 215 2115 ditione
238 2052 368 2115 mittunt
390 2058 424 2115 et
451 2051 633 2136 petentibus
655 2050 782 2133 Remis,
814 2058 849 2113 ut
872 2072 1000 2115 conser-

93 2160 254 2236 varentur,
277 2155 458 2238 impetrant.

155 2257 252 2321 XIII.
277 2258 394 2322 Caesar
410 2256 573 2323 obsidibus
589 2258 727 2341 acceptis
740 2258 849 2342 primis
866 2257 1000 2322 civitatis
1023 2287 1032 2324 1

92 2368 188 2445 atque
211 2362 310 2447 ipsius
335 2362 456 2426 Galbae
480 2362 566 2444 regis
596 2361 720 2424 duobus
746 2362 817 2424 filiis
841 2363 1000 2446 armisque

94 2464 240 2528 omnibus
256 2465 378 2529 traditis
401 2468 434 2529 in
450 2465 648 2529 deditionem
665 2465 852 2530 Suessiones
876 2467 1000 2550 accepit

93 2568 335 2653 exercitumque
366 2570 400 2632 in
429 2570 619 2634 Bellovacos
650 2568 747 2632 ducit.
792 2571 847 2653 qui
870 2590 942 2633 cum
965 2591 1033 2633 sor

94 2692 212 2756 suaque
238 2671 344 2735 omnia
364 2672 398 2735 in
422 2693 462 2758 op
486 2672 575 2735 idum
597 2671 858 2756 Bratuspantium
888 2677 999 2735 contu·

93 2772 204 2837 lissent
230 2779 324 2859 atque
348 2695 569 2940 CaesarKcum
604 2776 747 2840 exercitu
771 2777 895 2840 circiter
913 2777 1001 2840 milia

94 2895 244 2958 passuum
266 2900 285 2937 v
307 2877 449 2959 abesset,
502 2899 592 2941 mnes
615 2879 753 2942 maiores
775 2865 1001 2961 natulegressi

95 2999 206 3042 manus
229 2979 270 3041 ad
295 2979 466 3044 Caesarem
488 2980 621 3044 tendere
653 2986 686 3044 et
708 3001 787 3044 voce
811 2962 1000 3064 significare,

96 3102 174 3162 ,sese
202 3081 236 3144 in
260 3081 327 3145 eius
356 3082 452 3146 fidem
480 3103 517 3146 ac
546 3088 740 3167 potestatem
762 3085 871 3148 venire
895 3104 1000 3168 neque

96 3188 205 3246 contra
241 3184 397 3269 populum
432 3185 614 3249 Romanum
651 3187 746 3249 armis
784 3188 1000 3251 contendere.‘

96 3284 190 3368 item,
229 3307 301 3349 cum
342 3286 383 3349 ad
424 3288 576 3372 oppidum
614 3289 799 3354 accessisset
835 3295 1034 3372 castraquea

97 3384 138 3450 ibi
165 3394 321 3472 poneret,
353 3389 444 3471 pueri
471 3390 684 3476 mulieresque
712 3414 754 3456 ex
779 3412 870 3454 muro
898 3393 999 3474 passis
