2332 3892
934 224 973 282 41

63 412 130 455 non
159 390 364 473 existimavit,
394 391 470 475 quin
495 392 536 455 ad
560 411 616 456 eos
637 391 900 476 proficisceretur.
939 416 974 458 re
998 423 1010 462 s

64 495 274 558 frumentaria
295 493 424 577 provisa
454 500 556 557 oastra
578 501 688 559 movet
719 495 760 559 ad
790 496 868 561 fines
899 496 974 560 Bel-

64 621 188 682 garum.

128 701 192 765 ΠΙ.
226 703 283 766 Εο’
306 724 378 765 oum
406 703 446 765 de
474 703 636 787 inproviso
668 703 865 786 celeriusque
889 703 1008 765 omnir

65 806 217 890 opinione
241 805 392 887 venisset,
415 804 520 887 Remi,
545 805 599 889 qui
621 806 761 889 proximi
785 805 908 869 Galliae
932 827 975 870 ex

63 910 175 993 Belgis
199 914 282 990 sunt,
305 908 347 972 ad
370 931 442 974 eum
459 910 584 992 legatos
599 909 720 972 loeium
741 908 973 973 etAndooum-

64 1013 212 1093 borium,
246 1013 365 1096 primos
380 1013 541 1102 enitatis,
572 1017 743 1076 miserunt:
777 1032 822 1092 ,se
853 1033 1008 1096 suaquer

65 1118 172 1182 omnia
192 1117 225 1178 in
247 1115 345 1179 fidem
367 1120 462 1198 atque
486 1121 681 1199 potestatem
703 1115 816 1199 populi
835 1115 974 1179 Romani

63 1220 272 1305 permittere:
302 1238 405 1301 neque
438 1240 472 1282 se
506 1239 578 1280 oum
607 1218 738 1302 reliquis
775 1220 1007 1290 consensisses

64 1329 176 1387 contra
210 1322 366 1406 populum
397 1321 581 1384 Romanum
610 1328 801 1406 paratosque
836 1345 906 1388 esse
941 1331 974 1389 et

64 1425 194 1490 obsides
219 1424 295 1488 dare
319 1431 352 1488 et
373 1425 529 1508 imperata
556 1425 661 1489 faeere
687 1432 719 1488 et
743 1427 869 1510 oppidis
892 1429 972 1492 reoi-
1015 1427 1016 1430 ’

62 1550 140 1614 pere
157 1535 191 1592 et
206 1528 365 1591 frumento
382 1528 561 1611 ceterisque
577 1529 673 1592 rebus
688 1529 815 1610 iuvare;
833 1532 973 1615 reliquos
995 1559 1008 1596 r

63 1652 176 1695 omnes
204 1629 323 1713 Belgas
353 1632 387 1694 in
416 1630 511 1693 armis
541 1653 610 1695 esse
636 1631 877 1716 Germanosque
902 1656 1007 1699 seses

62 1756 135 1799 oum
152 1734 202 1797 his
213 1733 416 1798 coniunxisse
426 1741 612 1818 tantumque
625 1755 694 1798 esse
708 1756 819 1798 eorum
831 1738 972 1800 omnium

61 1839 222 1914 furorem,
252 1842 349 1901 utne
372 1837 562 1901 Suessiones
585 1838 730 1920 quidem,
758 1839 872 1903 fratres
896 1861 972 1903 oon-

61 1940 319 2024 sanguineosque
356 1961 449 2022 snos,
482 1941 535 2024 qui
569 1941 686 2005 eodem
715 1942 783 2004 iure
815 1947 848 2006 et
870 1943 972 2008 isdem

60 2044 189 2126 legibus
231 2048 377 2124 utantur,
414 2063 514 2106 unum
559 2042 779 2127 magistratum
824 2043 971 2126 habeant,

62 2148 227 2212 deterrere
250 2144 434 2231 potuerint.‘

124 2251 185 2314 IV.
220 2249 301 2314 Cum
325 2257 511 2334 quaereret,
542 2271 622 2334 quae
651 2249 795 2313 divitates
818 2256 1004 2333 quantae-1

62 2373 123 2437 que
154 2353 188 2416 in
217 2352 312 2414 armis
345 2358 453 2416 essent
482 2358 515 2416 et
543 2352 620 2435 quid
649 2352 682 2414 in
713 2350 797 2415 bello
828 2359 970 2435 possent,

61 2457 105 2520 sio
134 2454 332 2540 reperiebat:
364 2457 544 2540 ,plerosque
571 2455 690 2539 Belgas
721 2476 789 2518 esse
820 2462 908 2519 ortos
930 2458 969 2522 ab

63 2558 232 2623 Germanis
244 2557 457 2642 Rhenumque
473 2560 647 2643 antiquitus
663 2557 825 2622 traductos
839 2566 971 2644 propter

61 2663 123 2725 looi
154 2661 353 2726 fertilitatem
387 2661 431 2725 ibi
464 2662 648 2726 consedisse
688 2661 878 2745 Gallosque,
916 2665 971 2746 qui

61 2785 99 2827 ea
122 2763 193 2827 loca
215 2763 411 2847 incolerent,
436 2766 597 2849 expulisse
620 2767 770 2850 solosque
794 2785 883 2847 esse,
915 2767 969 2850 qni
994 2791 1006 2828 2

61 2873 188 2950 patrum
216 2867 372 2931 memoria
402 2868 488 2930 omni
521 2867 633 2931 Gallia·
658 2874 776 2932 vexata
804 2868 975 2932 Teutonos

63 2968 273 3053 Cimbrosque
296 2972 379 3034 intra
401 2970 480 3036 fines
502 2972 628 3054 ingredi
648 2972 884 3056 prohibuerint:
907 2993 969 3056 qua
993 2996 1005 3034 a

62 3092 154 3135 exre
170 3072 249 3154 fieri,
273 3074 318 3136 uti
334 3095 484 3158 magnam
499 3075 557 3138 sibi
574 3077 795 3140 auctoritatem
819 3096 968 3159 magnos-

62 3194 123 3258 que
152 3175 280 3258 spiritus
306 3177 339 3238 in
358 3198 394 3240 re
411 3178 539 3241 militari
562 3186 733 3244 sumerent.
777 3180 816 3245 de
833 3202 967 3245 numero
993 3204 1005 3240 r

62 3299 173 3342 eorum
190 3279 297 3342 omnia
312 3302 345 3344 se
361 3280 479 3345 habere
496 3283 671 3367 explorata,
694 3289 867 3367 propterea
881 3284 968 3368 quod

62 3382 350 3467 propinquitatibus
374 3382 650 3470 adfinitatibusque
674 3385 845 3466 ooniunoti,
868 3406 967 3469 quan·
