2324 3900
210 239 253 300 26
595 239 617 291 1.
645 240 758 290 37-39.

212 409 330 475 Caesar
359 412 571 477 vehementer
599 418 780 476 commotus
808 412 1033 477 maturandum
1063 413 1120 477 sibi

208 517 423 600 *existimarim
452 537 509 600 ne,
542 517 569 580 si
598 537 683 580 nova
710 537 821 579 manus
853 537 926 580 cum
958 517 1120 581 veteribus

211 621 311 704 copiis
348 641 419 684 sese
457 620 695 702 coniunxisset,
737 619 842 682 minus
885 619 979 684 facile
1017 621 1121 684 resisti

161 753 188 790 *s
209 729 329 808 posset.
379 725 486 808 itaque
520 745 555 788 re
588 723 796 786 frumentaria
826 741 922 805 quam
953 722 1121 788 celerrime

172 902 178 919 l
210 826 315 910 potuit
338 831 521 910 comparata
542 826 667 908 magnis
682 824 850 889 itineribus
866 824 907 888 ad
922 823 1120 891 Ariovistum

212 929 387 999 contendit.

177 1060 189 1099 1
274 1031 468 1097 XXXVIII.
523 1032 605 1097 Oum
641 1032 740 1096 tridui
778 1033 864 1097 viam
901 1035 1121 1119 processisset,

210 1135 390 1199 nuntiatum
419 1142 468 1200 est
496 1135 527 1200 ei
548 1135 748 1200 Ariovistum
778 1137 925 1200 omnibus
956 1137 1058 1222 copiis
1081 1138 1121 1201 ad

212 1237 431 1322 occupandum
463 1237 717 1322 Vesontionem,
757 1238 844 1324 quod
880 1246 929 1304 est
967 1239 1120 1324 oppidum

171 1365 188 1408 a
210 1342 385 1405 maximum
408 1341 642 1426 Sequanorum,
666 1342 873 1408 contendere.
917 1342 951 1406 id
973 1365 1015 1408 ne
1039 1344 1120 1408 acci·

211 1444 318 1525 deret,
363 1465 559 1530 magnopere
603 1445 662 1509 sibi
697 1445 956 1529 praecavendum
1002 1445 1121 1514 (laeaar

175 1548 423 1616 rexistirnabat.
473 1569 611 1633 namque
642 1549 783 1612 omnium
813 1568 936 1629 rerum,
967 1569 1050 1632 quae
1080 1548 1121 1612 ad

210 1651 331 1716 bellum
363 1651 435 1714 usui
464 1657 572 1733 erant,
604 1673 728 1715 summa
761 1656 829 1716 erat
860 1651 893 1714 in
924 1670 962 1715 eo
1002 1652 1119 1736 oppido

175 1755 306 1840 ridque
336 1760 449 1818 natura
483 1754 547 1818 loci
581 1755 626 1819 sic
657 1754 873 1836 muniebatur,
904 1759 941 1817 ut
970 1774 1121 1838 magnam

210 1859 251 1924 ad
275 1856 456 1922 ducendum
475 1858 606 1946 bellum¹
620 1857 712 1947 daret
732 1857 925 1938 facultatem,
948 1863 1122 1942 propterea

210 1962 297 2049 quod
311 1964 431 2027 flumen
445 1963 548 2027 Dubis
564 1968 599 2026 ut
614 1962 733 2026 circino
750 1960 1003 2026 circumductum
1016 1981 1119 2045 paene

170 2088 189 2126 s
210 2073 313 2131 totum
343 2065 456 2150 cingit3
484 2068 643 2150 reliquum.
675 2066 827 2152 spatium,
858 2064 945 2150 quod
975 2070 1024 2129 est
1053 2086 1119 2129 non

211 2169 346 2254 amplius
368 2167 488 2253 pedum
510 2193 581 2252 nnc,
604 2190 667 2253 qua
680 2168 1005 2249 flumensintermittit,
1028 2190 1121 2233 mons

211 2273 352 2337 continet
373 2294 490 2356 magna
511 2272 689 2354 altitudine,
712 2273 758 2336 ita
779 2278 815 2335 ut
836 2270 960 2336 radices
977 2292 1019 2336 ex
1034 2276 1120 2335 utra-

170 2402 189 2442 a
210 2399 272 2462 que
294 2383 384 2461 parte
408 2377 497 2460 ripae
521 2376 716 2458 contingant.
736 2375 838 2440 ,hunc
852 2396 963 2438 murus
986 2374 1120 2439 circum·

212 2480 303 2545 datus
337 2501 443 2545 arcem
478 2479 575 2544 efficit
607 2485 640 2544 et
677 2500 749 2543 cum
786 2477 906 2563 oppido
945 2477 1120 2561 coniungit.

168 2608 188 2648 -r
210 2584 273 2647 huc
297 2582 415 2647 ansar
439 2571 563 2667 magnis
591 2583 755 2646 nocturnis
786 2581 969 2666 diurnisque
999 2580 1120 2644 itineri·

210 2689 269 2752 bus
292 2687 458 2752 contendit
474 2692 695 2772 occupatoque
716 2684 835 2770 oppido
858 2684 903 2749 ibi
924 2683 1119 2768 praesidium

212 2791 368 2854 conlocat.

171 2916 187 2959 1
274 2893 434 2957 XXXIX.
468 2894 594 2958 Paucos
618 2893 687 2958 dies
706 2892 747 2956 ad
762 2890 999 2956 Vesontionem
1015 2910 1119 2954 mora-

210 3003 270 3061 tur.
301 3017 343 3060 ex
364 2998 608 3081 percontatione
630 3002 815 3060 nostrorum
830 2994 1026 3077 vocibusque
1044 2992 1119 3056 Gal·

209 3100 315 3163 lorum
346 3099 414 3183 (qui
441 3101 565 3184 ingenti
593 3099 813 3183 magnitudine
842 3117 1015 3181 corporum
1040 3095 1119 3160 Ger·

211 3223 338 3284 manos,
369 3203 548 3267 incredibili
571 3203 689 3267 virtute
712 3208 808 3286 atque
831 3201 1064 3268 exercitatione
1088 3200 1120 3268 in

210 3306 305 3369 armis
330 3325 399 3368 esse
414 3306 665 3390 praedicabant:
687 3323 928 3388 ,saepenumero
954 3324 1024 3367 sese
1048 3323 1119 3366 cum

209 3409 260 3472 his
290 3429 480 3491 congressos
510 3430 551 3473 ne
580 3408 704 3472 vultum
732 3407 863 3490 quidem
892 3412 989 3490 atque
1019 3407 1120 3470 aciem
