2332 3892
439 225 473 273 ν.
503 225 596 274 c-ro
911 223 971 285 103

58 395 275 478 gravibusque
297 395 434 479 navigiis
463 417 528 459 non
557 397 739 461 intermisso
762 396 873 460 labore
902 396 971 459 lon-

58 518 182 581 garum,
208 499 354 562 naviumv
375 521 500 564 cursum
536 501 763 585 adaequarunt.
809 521 972 565 accessum
995 515 1007 552 ⁶

59 609 110 664 est
139 602 181 665 ad
211 603 411 668 Britanniam
442 605 589 669 omnibus
624 607 759 670 navibus
794 604 971 668 meridiano

59 704 127 768 fere
159 713 306 790 tempore
337 728 440 793 neque
472 709 574 771 hostis
607 717 654 772 est
677 709 779 788 visus3
813 707 870 770 sed
901 720 1007 771 cum⁶

59 829 198 892 magnae
221 830 334 872 manus
358 812 592 891 convenissent,
617 811 821 875 multitudine
843 812 973 876 navium

59 912 268 994 perterritae,
299 934 379 996 quae
411 915 665 981 oumannotinis
687 914 883 998 privatisque
906 935 972 977 am-

61 1014 146 1098 plius
177 1015 380 1101 octingentae
403 1039 536 1083 numero
561 1026 666 1099 erant,
695 1041 714 1082 a
735 1020 829 1082 litore
854 1018 973 1082 disces-

62 1125 181 1183 serant.

127 1221 188 1286 IX.
224 1222 342 1288 Caesar
371 1226 519 1308 exposito
544 1225 686 1289 exercitu
710 1232 742 1288 et
764 1226 836 1290 loco
862 1226 1007 1290 castris1

61 1325 181 1390 idoneo
207 1334 319 1409 capto,
344 1328 528 1392 cohortibus
552 1327 664 1391 decem
686 1328 806 1392 relictis
829 1336 862 1392 et
885 1331 973 1413 equi-

61 1429 147 1492 tibus
168 1431 336 1511 trecentis,
360 1431 413 1513 qui
435 1430 597 1514 praesidio
620 1431 754 1494 navibus
779 1437 900 1513 essent,
930 1432 971 1496 de

61 1534 158 1595 tertia
172 1532 285 1616 vigilia
297 1533 337 1596 ad
353 1535 463 1597 hostes
480 1533 653 1615 contendit,
678 1555 716 1598 eo
731 1535 836 1598 minus
851 1536 972 1599 veritus

61 1635 208 1715 navibus,
227 1637 312 1720 quod
327 1639 361 1700 in
375 1639 469 1702 litore
485 1639 576 1703 molli
590 1639 746 1722 deligatas
761 1640 971 1723 relinquebat.

62 1741 95 1804 ei
115 1740 279 1824 praesidio
295 1742 492 1824 navibusque
509 1742 546 1816 Q.
562 1741 690 1806 Atrium
706 1744 870 1826 praefecit.
900 1743 970 1826 ipse
993 1768 1006 1806 a

60 1851 159 1908 noctu
181 1865 371 1928 progressus
394 1845 483 1908 milia
504 1865 655 1927 passuum
678 1869 720 1907 xn
749 1846 889 1909 hostium
919 1865 972 1908 co-

60 1948 131 2031 pias
155 1949 358 2030 conspicatus
381 1955 450 2030 est,
484 1949 531 2011 illi
555 1949 697 2032 equitatu
720 1954 815 2032 atque
849 1948 971 2012 essedis
992 1974 1005 2012 a

61 2050 104 2114 ad
131 2051 252 2114 flumen
282 2051 445 2134 progressi
473 2058 599 2115 nostros
622 2052 794 2134 prohibere
817 2058 850 2115 et
877 2072 971 2134 proe-

60 2155 140 2218 lium
177 2154 388 2218 committere.
432 2154 553 2236 repulsi
591 2155 630 2218 ab
669 2156 810 2237 equitatu
846 2176 880 2218 se
916 2156 1006 2219 seb-4

62 2257 215 2321 diderunt
236 2259 344 2322 locum
366 2258 474 2321 nancti
497 2259 628 2341 egregie
648 2265 680 2321 et
696 2264 810 2322 natura
826 2265 858 2321 et
874 2278 971 2341 opere

62 2362 238 2442 munitum,
262 2382 357 2445 quem
385 2363 450 2425 iam
479 2368 553 2425 ante
582 2369 865 2445 praeparauerant3
896 2383 1005 2425 namt

63 2466 184 2530 crebris
211 2465 377 2529 arboribus
405 2466 536 2528 succisis
567 2485 677 2529 omnes
706 2465 853 2528 introitus
882 2471 972 2527 erant
1001 2537 1003 2542 ,

62 2569 233 2655 praeclusi.
278 2568 339 2651 ipsi
361 2568 424 2631 rari
446 2568 693 2651 propugnabant
714 2575 902 2651 nostrosque
925 2569 1006 2631 in-c

63 2673 155 2758 gredi
178 2671 402 2757 prohibebant.
446 2678 479 2734 at
501 2672 619 2734 milites
650 2671 787 2752 legionis
817 2672 971 2753 septimae
995 2694 1006 2732 r

63 2776 226 2841 testudine
262 2775 362 2857 lacta,
395 2794 512 2858 aggere
549 2773 590 2836 ad
621 2773 814 2836 munitiones
847 2773 972 2836 adiecto

63 2883 171 2946 locum
196 2886 349 2964 ceperunt
373 2900 491 2962 eosque
516 2879 706 2961 expulerunt
727 2877 837 2960 paucis
863 2877 973 2939 vulne-

64 2987 152 3050 ribus
175 2984 326 3067 acceptis.
353 2983 412 3046 sed
434 2983 594 3066 fugientes
617 2981 743 3064 longius
761 2979 878 3042 Caesar
900 2998 972 3061 pro·
995 3005 1008 3041 s

67 3089 156 3172 sequi
178 3087 296 3166 vetuit,
327 3086 412 3169 quod
441 3108 556 3170 magna
584 3091 674 3168 parte
699 3084 763 3147 diei
786 3088 974 3164 consumpta

68 3190 237 3255 munitioni
260 3195 434 3252 castrorum
458 3195 583 3271 tempus
605 3187 740 3269 relinqui
763 3185 901 3250 volebat.

130 3293 174 3358 X.
207 3291 367 3356 Postridie
391 3293 459 3354 eius
482 3291 546 3354 diei
569 3309 663 3354 mane
678 3290 836 3373 tripertito
856 3289 973 3352 milites
996 3311 1006 3347 1

69 3401 256 3484 equitesque
279 3398 374 3477 misit,
398 3404 433 3459 ut
456 3418 522 3476 eos,
546 3397 599 3479 qui
621 3396 778 3476 fugerant,
802 3395 973 3474 perseque-
