2332 3892
435 253 468 303 V.
497 252 608 354 dir-337.
885 247 889 253 ⁵
915 251 974 312 117

67 410 142 488 vem
164 424 255 506 nihil,
279 422 365 509 quod
387 410 465 508 ipsis
488 431 573 489 esset
594 424 771 510 indignum,
799 421 977 486 committe·

67 525 155 590 bant.
201 531 270 590 tum
291 526 328 590 Τ.
351 527 496 609 Velleio,
528 529 582 611 qui
611 527 776 611 superiore
806 545 889 589 enno
912 523 1011 607 pri-s

67 650 158 693 mum
179 630 282 714 pilum
305 628 449 712 duxerat,
471 630 541 696 viro
563 631 639 695 forti
662 636 694 694 et
716 648 852 713 magnae
867 632 977 690 aucto·

66 733 189 815 ritctis,
231 740 400 818 utrumque
437 734 540 798 femur
576 734 702 818 tragula
737 731 896 797 traicitur:
938 729 1011 804 ΟΛ

67 834 247 919 Luconius,
277 837 421 902 eiusdem
451 835 587 919 ordinis,
618 835 791 901 fortissime
820 854 976 918 pugnans,
1004 855 1006 860 ·

69 938 147 1003 dum
175 940 390 1005 circumvento
417 941 483 1005 filio
514 941 678 1022 subvenit,
708 938 911 1018 interficitur,
938 936 977 1000 L.
991 954 1011 994 -s

69 1041 166 1107 Cotto
187 1043 312 1126 legatus
336 1065 447 1109 omnes
471 1045 619 1110 cohortes
643 1040 835 1125 ordinesque
861 1041 977 1104 adhor-
1004 1047 1006 1050 ’

67 1151 141 1209 tens
162 1146 197 1209 in
219 1145 389 1211 adversum
412 1168 447 1212 os
469 1146 568 1212 funde
590 1148 785 1212 vulneratur.

134 1246 293 1313 XXXVI.
332 1249 394 1314 His
430 1249 527 1314 rebus
557 1255 722 1334 permotus
755 1248 793 1323 Q.
825 1246 980 1326 Titurius,
989 1259 1012 1303 v<1

68 1371 144 1414 cum
163 1354 277 1435 procul
298 1352 523 1438 Ambiorigem
545 1374 620 1419 suos
650 1354 872 1418 cohortantem
903 1371 977 1414 con-

69 1456 246 1548 spexisset,
277 1458 486 1542 interpretem
517 1479 609 1522 suum
634 1457 691 1522 On.
714 1457 907 1540 Pompeium
936 1454 977 1518 od

68 1578 145 1622 eum
165 1560 265 1624 mittit
285 1567 448 1644 rogatum,
477 1567 514 1625 ut
536 1562 596 1625 sibi
618 1561 835 1643 militibusque
857 1563 977 1641 porcat.

67 1663 250 1746 appellatus
279 1648 463 1748 respondit:
500 1665 537 1742 ,si
565 1665 645 1728 velit
676 1685 786 1728 secum
818 1662 1012 1744 conloqui,2

65 1765 183 1847 licere3
224 1786 353 1850 sperere
390 1787 409 1830 e
438 1765 642 1830 multitudine
673 1766 839 1850 impetrari
869 1785 976 1849 posse,

66 1868 157 1952 quod
189 1868 230 1933 ed
259 1870 397 1934 militum
429 1872 565 1934 salutem
595 1871 770 1955 pertineat3
806 1869 869 1953 ipsi
898 1889 976 1934 vero
1080 1883 1081 1886 ’

65 1972 150 2036 nibil
177 1973 321 2037 nocitum
348 1973 405 2037 iri:
435 1974 470 2038 in
501 1994 596 2058 quem
617 1994 687 2037 rem
710 1994 744 2036 se
768 1993 857 2036 suam
879 1971 978 2035 fidem

65 2072 295 2158 interponere!
324 2076 379 2139 ille
403 2096 475 2140 cum
499 2075 595 2140 Cotta
616 2077 724 2140 saucio
748 2076 1012 2140 communicstzs

67 2181 105 2261 ,si
128 2177 294 2261 rideatur,
322 2200 431 2264 pugna
452 2185 491 2243 ut
513 2179 672 2244 excedent
694 2186 726 2243 et
749 2200 821 2242 cum
843 2176 978 2241 Ambio·

67 2284 140 2367 m'ge
171 2302 235 2347 une
268 2280 518 2367 conloquentur‘.
565 2282 660 2347 Cotta
692 2303 726 2346 se
756 2282 797 2346 ad
820 2287 1012 2345 armetum4

65 2387 197 2450 hostem
218 2386 339 2448 iturum
360 2393 468 2470 negat.

132 2486 309 2551 XXXVII.
344 2487 489 2569 Sabinus,
513 2510 592 2574 quos
613 2489 852 2573 inpraesentia
878 2489 1011 2553 tribu-'r

66 2613 128 2656 nos
158 2591 297 2654 militum
328 2591 447 2655 circum
478 2612 512 2656 se
543 2591 699 2674 habebat,
740 2597 772 2655 et
801 2593 978 2675 primorum

68 2695 219 2760 ordinum
242 2696 444 2759 centuriones
468 2694 559 2778 sequi
581 2695 671 2758 iubet
694 2701 735 2775 et,
759 2716 831 2759 cum
845 2696 977 2779 propius

66 2795 294 2880 Ambiorigem
316 2796 512 2878 accessisset,
534 2796 639 2860 iussus
662 2813 750 2861 arms
772 2799 898 2862 abicere
919 2800 979 2862 im-

66 2906 217 2985 peratum
239 2898 315 2962 fecit
337 2899 482 2983 suisque,
514 2905 549 2962 ut
570 2899 659 2963 idem
681 2900 808 2981 faciant,
829 2902 977 2984 imperat.

66 3004 216 3085 interim,
249 3001 326 3066 dum
359 3002 399 3067 de
433 3003 674 3068 condicionibus
704 3004 788 3067 inter
816 3024 850 3068 se
879 3010 1013 3088 agunto

66 3106 216 3191 longiore
232 3106 378 3170 consulto
394 3126 552 3189 sermone,
573 3108 728 3190 paulatim
745 3108 978 3172 circumventus

68 3199 267 3275 interficitdr.
310 3215 379 3272 tum
400 3230 478 3274 vero
502 3231 560 3277 suo
589 3231 679 3275 more
707 3211 874 3275 victoriam
904 3231 1013 3277 con-s

70 3314 208 3378 clement
230 3319 325 3396 atque
345 3313 501 3377 ululatum
531 3314 647 3378 tollunt
677 3315 863 3398 impetuque
893 3318 977 3382 facto

72 3415 198 3481 ordines
219 3415 417 3499 perturbent.
461 3417 506 3480 ibi
528 3416 564 3478 L.
591 3417 686 3481 Cotta
706 3438 852 3501 pugnans
881 3421 1014 3485 inter-4

760 3517 822 3571 pse
