2332 3892
511 263 532 311 1.
561 263 673 312 44-45.
996 267 1037 328 33

132 436 197 499 iure
229 457 264 500 se
297 434 581 519 interpellaremus.
639 432 727 518 quod
759 435 872 500 iratres
903 435 1070 500 Aeduoss

132 539 308 622 appellatos
332 539 469 619 dioeret,
497 559 563 600 non
593 558 627 601 se
651 543 717 600 tem
739 538 908 602 barbarum
931 560 1036 623 neque

131 648 193 704 tem
216 641 400 726 imperitum
423 661 493 704 esse
516 661 637 723 rerum,
666 645 702 704 ut
727 661 793 704 non
815 643 910 705 seirat
932 663 1037 726 neque

131 743 214 808 bello
259 743 475 825 Allobrogum
517 742 666 828 proximo
704 743 838 808 Aeduos
881 744 1037 809 Romanis

131 847 283 910 auxilium
306 848 416 911 tulisse
430 867 536 930 neque
552 848 584 910 in
600 846 649 910 his
669 849 936 931 contentionibus,
959 870 1036 933 ques

130 970 238 1013 seeum
260 955 293 1013 et
315 970 387 1013 oum
403 949 556 1033 Sequania
572 949 767 1031 habuissent,
791 952 910 1015 auxilio
925 953 1037 1037 populi

129 1053 267 1118 Romani
289 1075 364 1117 usos
388 1075 468 1118 esse.
514 1053 633 1117 debere
657 1073 692 1117 se
714 1054 868 1138 suspicari
890 1056 1070 1119 simulatam

131 1158 301 1224 Gaesarem
324 1158 478 1238 amicitia,
501 1177 597 1241 quem
620 1157 799 1221 exereitum
821 1158 957 1241 habeat,
987 1162 1036 1223 sui

131 1261 331 1347 opprimendi
354 1284 450 1327 eausa
471 1261 601 1327 habere.
639 1263 693 1346 qui
708 1263 771 1325 nisi
788 1262 924 1326 decedat
940 1270 1035 1349 atque
1045 1282 1068 1319 11

130 1367 307 1430 exereitum
330 1365 468 1430 deducat
491 1387 533 1430 ex
555 1366 604 1428 his
626 1366 828 1449 regionibus,
852 1389 922 1432 sese
945 1368 1035 1431 illum

129 1491 192 1533 non
226 1490 284 1555 pro
317 1469 419 1533 amieo
453 1469 510 1532 sed
540 1469 633 1532 hoste
662 1469 854 1534 habiturum.
900 1470 987 1554 qnod
1010 1471 1069 1535 si12

131 1593 201 1636 eum
224 1571 436 1654 interfecerit,
466 1572 573 1635 multis
594 1572 755 1636 nobilibus
778 1573 1035 1657 principibusque

129 1674 238 1760 populi
252 1674 391 1738 Romani
406 1681 532 1757 gratum
547 1674 704 1737 facturum
720 1673 769 1757 (id
784 1696 819 1738 se
836 1683 1036 1760 compertum

130 1777 279 1860 habere):
312 1798 447 1862 quorum
477 1779 618 1841 omnium
647 1778 784 1860 gratiam
808 1784 902 1863 atque
926 1778 1034 1843 amiei-

129 1882 204 1947 liam
219 1882 287 1946 eius
303 1887 407 1946 morte
418 1881 579 1945 redimere
593 1887 713 1965 posset.
746 1880 832 1965 quod
847 1883 874 1945 si
888 1884 1069 1947 oessisset1³

129 1992 160 2050 et
181 1986 316 2050 liberam
338 1984 576 2069 possessionem
600 1982 724 2046 Galliae
755 1983 815 2046 sibi
842 1983 1035 2067 tradidisset,

129 2108 244 2171 magno
268 2109 303 2151 se
325 2087 415 2150 illurn
437 2087 579 2171 praemio
596 2093 873 2150 remuneraturum
889 2094 921 2151 et
937 2109 1033 2173 quae·

129 2212 262 2275 eumque
294 2190 380 2254 bella
409 2191 478 2273 geri
507 2190 607 2254 vellet
636 2191 704 2253 sine
734 2189 800 2254 ullo
831 2190 899 2253 eius
923 2189 1032 2255 labore
1070 2264 1072 2267 v

128 2302 159 2359 et
180 2294 324 2380 periculo
349 2291 588 2357 eonfeoturum.‘

188 2396 292 2461 XLV.
323 2396 426 2460 Multa
456 2397 496 2460 ab
521 2395 659 2459 Caesare
687 2395 718 2458 in
748 2416 820 2459 eam
842 2396 1067 2462 sententiam1

128 2499 322 2581 dictasunt,
352 2519 450 2583 quare
482 2499 614 2582 negotio
644 2498 798 2562 desistere
821 2520 886 2562 non
908 2507 1033 2583 posset:

127 2624 239 2688 ,neque
260 2623 351 2666 suam
365 2623 470 2686 neque
487 2603 597 2686 populi
612 2601 752 2665 Romani
770 2604 1034 2668 consuetudinem

125 2707 199 2791 pati,
222 2706 270 2767 uti
287 2704 406 2789 optime
429 2712 588 2770 merentes
604 2706 708 2769 socios
732 2704 905 2787 desereret,
929 2727 1032 2791 neque

126 2831 158 2874 se
187 2809 330 2873 iudicare
363 2809 500 2872 Galliam
531 2809 638 2892 potius
668 2829 737 2872 esse
760 2808 916 2871 Ariovisti
938 2829 1034 2892 quam

125 2915 234 2999 populi
267 2912 415 2976 Romani.
461 2913 545 2977 bello
577 2919 743 2996 superatos
776 2933 845 2976 esse
868 2911 1033 2976 Arvernos
1054 2938 1072 2977 a.

125 3023 156 3080 et
177 3016 324 3081 Rutenos
347 3016 386 3080 ab
403 3016 440 3090 Q.
459 3016 559 3080 Fabio
584 3017 736 3097 Maximo,
759 3016 873 3099 quibus
895 3016 1033 3100 populus

125 3120 290 3185 Romanus
317 3120 493 3203 ignovisset
524 3141 627 3204 neque
658 3121 690 3183 in
719 3119 915 3202 provinciam
938 3118 1032 3183 rede·

125 3225 223 3307 gisset
252 3243 356 3308 neque
394 3223 588 3308 stipendium
626 3223 828 3307 inposuisset.
882 3221 969 3306 quod
1006 3222 1066 3285 sia

126 3325 379 3410 antiquissimum
404 3325 553 3409 quodque
570 3325 706 3408 spectari
723 3329 897 3408 oporteret,
920 3325 1032 3407 populi

125 3425 261 3491 Romani
284 3428 489 3492 iustissimum
520 3449 589 3492 esse
612 3429 798 3513 imperium,
829 3429 856 3492 ai
878 3427 1031 3490 iudicium
