2332 3892
160 234 220 296 178
508 234 570 283 VII.
598 234 710 284 41-43.

123 431 136 468 s
156 410 324 469 tormenta
354 405 490 470 Fabium
509 405 632 470 duabus
646 407 766 471 relictis
780 409 883 492 portis
901 408 1052 479 obstruere

158 515 279 573 ceteras
302 511 493 594 pluteosque
516 512 601 576 vallo
619 511 737 576 addere
754 519 786 576 et
802 533 836 576 se
852 514 887 576 in
901 520 1054 596 posterum

123 613 243 677 sdiem
271 612 403 698 parare‘.
435 616 486 680 his
515 616 610 679 rebus
639 616 775 700 cognitis
799 615 920 681 Caesar
942 638 1054 681 summo

157 718 261 783 studio
284 720 422 784 militum
437 726 511 784 ante
529 726 633 784 ortum
649 720 725 784 solis
740 720 775 784 in
790 726 896 784 eastra
909 721 1055 804 pervenit.

123 848 134 886 1
220 820 325 884 XLII.
363 821 449 886 Dum
484 824 566 887 haee
598 823 639 888 ad
675 824 872 908 Gergoviam
904 830 1055 908 gemetu,

155 924 263 988 Aedui
284 925 407 989 nullum
430 926 490 989 sibi
512 925 554 990 ad
578 925 837 1010 cognoscendum
860 927 1001 1009 spatium
1016 946 1057 989 re·

123 1053 135 1091 a
156 1030 311 1111 linquunt.
340 1029 466 1112 inpellit
489 1030 569 1094 alios
584 1030 727 1112 avaritia,
751 1031 832 1094 alios
854 1031 1058 1096 iracundiaet

155 1133 334 1216 temeritas,
358 1153 440 1217 quae
463 1133 603 1198 maxime
625 1133 673 1197 illi
694 1134 860 1198 hominum
883 1135 998 1218 generi
1018 1140 1058 1198 est

122 1294 128 1308 Δ
155 1237 272 1320 innata,
295 1244 331 1301 ut
352 1237 459 1303 levem
481 1237 679 1302 auditionem
700 1237 840 1302 habeant
853 1258 915 1321 pro
930 1259 967 1303 re
985 1259 1058 1303 oom-

121 1366 134 1405 a
156 1348 256 1424 perta.
279 1341 365 1406 bona
387 1341 504 1406 eivium
524 1341 745 1407 Romanorum
761 1340 925 1425 diripiunt,
953 1343 1059 1407 eaedes

121 1444 289 1527 rfaeiunt,
318 1444 353 1509 in
381 1446 568 1510 servitutem
597 1444 792 1510 abstrahunt.
837 1444 972 1510 adiuvat
999 1465 1060 1510 rom

158 1547 439 1613 Convictolitavis:
484 1549 615 1633 plebem
659 1547 701 1612 ad
744 1548 887 1612 furorem
930 1548 1058 1634 inpellit.

122 1653 199 1718 sM.
221 1650 379 1717 Aristium
407 1651 570 1716 tribunum
595 1651 733 1715 militum
755 1651 817 1715 iter
839 1650 881 1715 ad
902 1652 1060 1737 legionem

122 1778 134 1817 a
155 1755 326 1820 facientem
347 1753 411 1818 fide
435 1774 477 1819 ex
493 1754 612 1838 oppido
631 1753 798 1819 Oabillono
816 1754 969 1820 educunt.
993 1777 1059 1821 oon·

154 1861 243 1924 tinuo
285 1860 320 1922 in
355 1859 470 1923 itinere
508 1858 612 1923 adorti
651 1858 797 1923 omnibus
834 1858 1059 1943 inpedimentis

155 1969 292 2041 'exuunt;
323 1968 540 2048 repugnantes
570 1962 656 2027 diem
684 1969 876 2046 noctemque
902 1964 1058 2044 obsident3

156 2069 264 2132 multis
286 2069 446 2152 utrimque
468 2066 644 2132 interfectis
659 2066 814 2132 maiorem
829 2067 1061 2132 multitudinem

158 2172 327 2237 oonoitant.

123 2306 134 2345 1
220 2274 343 2338 XLIII.
375 2274 511 2340 Interim
539 2275 650 2340 nuntio
681 2273 788 2338 adlato
820 2294 934 2338 omnes
956 2275 991 2340 in
1011 2295 1061 2359 po·

156 2385 272 2445 testate
299 2379 445 2443 Caesaris
475 2379 578 2442 teneri
609 2382 799 2442 concurrunt
829 2375 870 2440 ad
892 2373 1061 2441 Aristium:

124 2482 246 2565 amihil
274 2481 403 2565 publico
433 2482 553 2546 factum
584 2478 742 2563 eonsilio‘;
774 2478 999 2563 quaestionem
1026 2477 1061 2544 de

156 2585 250 2650 bonis
289 2582 422 2667 direptis
462 2583 654 2666 decernunt,
686 2583 842 2647 Litaviooi
870 2581 1061 2667 fratrumque

156 2688 243 2753 bona
278 2687 454 2772 publicant,
484 2686 610 2770 legatos
643 2686 685 2751 ad
718 2684 890 2750 Gaesarem
921 2686 1061 2765 mittunt3

123 2792 215 2859 ased
247 2791 453 2857 contaminati
484 2791 626 2855 facinore
657 2795 690 2853 et
719 2790 835 2853 timore
857 2809 985 2872 poenae
1013 2809 1062 2852 ex·

157 2897 260 2962 territi
283 2896 417 2961 consilia
439 2882 521 2958 olam
544 2892 584 2956 de
607 2892 692 2957 bello
717 2892 797 2956 inire
817 2891 977 2975 incipiunt
994 2890 1063 2955 oiri·

123 3008 303 3085 elatosque
327 3000 465 3082 reliquas
490 2996 706 3082 legationibus
730 2996 912 3060 sollicitant.
951 2988 1064 3060 Caesar

158 3111 267 3168 tamen
295 3123 390 3186 quam
418 3100 586 3165 mitissime
607 3105 730 3183 potest,
760 3099 886 3183 legatos
909 3100 1062 3183 appellat:

157 3208 248 3290 ,nihil
275 3207 404 3291 gravius
434 3205 475 3269 de
503 3204 630 3269 civitate
653 3201 794 3266 iudicare
817 3221 923 3284 neque
947 3201 989 3267 de
1012 3222 1065 3265 sua

124 3339 136 3376 s
157 3312 191 3374 in
206 3309 340 3374 Aeduos
355 3308 583 3374 benevolentia
597 3299 804 3369 deminuere‘.
826 3304 896 3388 ipse
912 3304 1065 3369 maiorem

160 3413 284 3478 Galliae
299 3419 423 3477 motum
439 3416 639 3496 exspectans,
656 3428 696 3470 ne
714 3407 754 3472 ab
771 3406 918 3472 omnibus
936 3408 1066 3470 eircum-
