2332 3892
165 240 230 301 212
523 239 599 289 vur.
628 240 723 291 s-ro.

164 413 210 476 ita
233 411 408 493 constituit,
431 416 466 474 ut
481 411 628 496 legiones
644 436 703 495 vm,
726 435 798 494 un,
821 437 863 476 1x.
880 419 956 476 ante
973 412 1065 477 omnia

164 518 247 582 irent
275 517 516 602 inpedimenta,
555 515 673 581 deinde
705 517 849 580 omnium
879 515 1065 599 inpedimen-

163 627 270 685 torum
292 642 424 705 agmen,
450 620 536 705 quod
558 626 668 685 tamen
692 626 760 683 erat
783 620 967 703 mediocre,
989 621 1065 684 utin

164 725 426 810 expeditionibus
461 745 531 790 esse
566 725 750 806 consuevit,
782 731 916 808 cogeret
947 749 1005 806 x1.‚
1032 744 1064 788 nc

160 831 292 895 maioris
329 829 545 894 multitudinis
582 831 707 915 species
747 829 895 894 accidere
933 830 1064 895 hostibus

121 940 272 1017 4,posset
304 955 399 1019 quam
428 934 491 1017 ipsi
528 933 805 1018 depoposcissent.
862 933 924 997 hac
952 934 1063 998 ratione

161 1038 315 1123 quadrato
333 1039 461 1124 agmine
471 1038 627 1102 instructo
643 1037 778 1101 celerius
796 1037 950 1120 opinione
967 1058 1064 1102 eorum

161 1143 339 1208 exercitum
363 1141 504 1207 adducit.

123 1271 136 1308 1
224 1246 284 1310 IX.
319 1247 406 1312 Galli
436 1267 572 1330 quorum
603 1253 694 1310 erant
718 1245 759 1310 ad
785 1245 959 1310 Caesarem
981 1248 1064 1330 plena

158 1351 295 1415 fiduciae
320 1352 452 1416 consilia
475 1351 609 1434 perlata,
632 1351 700 1415 sive
724 1351 908 1414 certaminis
932 1350 1061 1434 periculo
1087 1344 1089 1350 ’

160 1456 227 1520 sive
266 1456 371 1520 subito
411 1455 552 1521 adventu
591 1455 658 1519 sive
698 1449 943 1539 exspectatione
974 1453 1062 1519 nostri

160 1560 286 1624 consilii
320 1560 429 1644 copias
467 1559 627 1623 instruunt
658 1580 716 1643 pro
756 1559 868 1623 castris
904 1580 967 1624 nec
1002 1560 1061 1624 loco

122 1686 134 1723 a
159 1663 324 1746 superiore
350 1663 520 1727 decedunt.
567 1663 694 1745 Caesar,
719 1664 780 1728 etsi
807 1663 962 1729 dimicare
987 1670 1061 1749 opta·

158 1773 266 1850 verat,
306 1775 415 1831 tamen
456 1767 631 1851 admiratus
669 1774 793 1832 tantam
834 1769 1062 1834 multitudinem

157 1872 299 1936 hostium
329 1873 414 1936 valle
449 1873 633 1937 intermissa
664 1874 767 1958 magis
799 1874 832 1937 in
870 1875 1062 1940 altitudinem

158 1975 312 2060 depressa
335 1997 430 2060 quam
452 1978 517 2041 late
533 1985 666 2060 patente
687 1985 790 2042 castra
806 1979 919 2042 castris
934 1979 1062 2043 hostium

117 2101 133 2138 3
159 2081 292 2145 confert.
337 2081 418 2146 haec
446 2082 585 2165 imperat
614 2083 700 2147 vallo
731 2081 852 2165 pedum
880 2106 926 2145 xn
948 2081 1061 2156 muniri,

158 2187 284 2251 coronis
314 2186 511 2251 inaedificari
541 2186 662 2251 fossam
696 2186 858 2271 duplicem
889 2187 1010 2270 pedum
1033 2207 1062 2250 xv

156 2291 311 2356 lateribus
342 2291 488 2372 directis,
519 2297 622 2354 turres
653 2290 780 2354 crebras
809 2289 844 2353 in
869 2291 1062 2355 altitudinem

156 2395 253 2459 trium
275 2395 492 2460 tabulatorum
513 2393 665 2478 pontibus
680 2394 822 2458 traiectis
838 2397 1062 2479 constratisque

157 2498 325 2581 coniungi,
348 2510 484 2582 quorum
507 2499 629 2564 frontes
651 2498 792 2563 viminea
813 2499 951 2564 loricula
973 2498 1063 2565 muni·

116 2607 281 2683 crentur,
304 2609 356 2684 ut,
381 2602 503 2686 duplici
525 2609 801 2686 propugnatorum
826 2601 956 2687 ordine,
985 2605 1062 2681 alter,

157 2727 219 2789 quo
243 2707 342 2770 tutior
365 2706 534 2770 altitudine
559 2713 655 2788 esset,
679 2706 741 2770 hoo
760 2705 915 2771 audacius
930 2708 1062 2794 longius·

156 2831 217 2894 que
242 2810 308 2894 pila
330 2811 482 2893 mitteret,
506 2811 597 2891 alter,
623 2810 676 2893 qui
700 2810 833 2893 propior
855 2811 987 2876 hostem
1010 2810 1061 2876 col·

153 2915 279 2979 locatus
303 2920 407 2996 esset,
439 2915 478 2978 ab
508 2913 724 2978 incidentibus
755 2922 932 2999 tegeretur.
970 2915 1059 3002 portis

153 3020 304 3084 fortiores
326 3021 521 3102 altioresque
545 3025 649 3083 turres
668 3020 832 3102 imposuit.

117 3145 131 3183 1
218 3123 261 3187 X.
293 3123 400 3187 Huius
429 3122 614 3186 munitionis
648 3122 769 3207 duplex
799 3128 869 3186 erat
892 3123 1058 3188 consilium.

152 3247 291 3312 namque
325 3232 358 3292 et
396 3247 531 3311 operum
568 3226 823 3310 magnitudinem
855 3233 889 3291 et
922 3229 1058 3292 timorem

153 3350 246 3392 suum
269 3330 418 3415 sperabat
433 3330 584 3394 fiduciam
604 3331 746 3395 barbaris
761 3332 936 3396 allaturum
952 3339 1058 3396 etcum

90 3457 98 3473 ⁸
150 3433 340 3518 pabulatum
376 3435 669 3518 frumentatumque
709 3435 837 3519 longius
876 3444 963 3501 esset
997 3452 1057 3521 pro·
