2332 3892
452 229 474 278 1.
503 229 614 280 m-ca
934 231 974 293 37

67 398 151 478 stris,
174 396 263 482 quod
285 399 361 462 satis
384 420 453 464 esse
476 400 578 463 visum
603 405 660 482 est,
689 399 828 485 reliquit,
859 400 975 464 alarios

67 502 100 564 in
138 507 313 585 conspectu
356 502 495 566 hostium
540 524 598 587 pro
645 505 754 567 castris
798 503 975 567 minoribus

67 605 242 686 constituit,
279 605 429 689 quoniam
461 606 566 668 minus
602 606 805 671 multitudine
837 607 973 670 militum

67 710 319 792 legionariorum
334 729 392 793 pro
409 709 550 772 hostium
565 730 698 773 numero
715 710 852 791 valebat,
875 714 911 772 ut
933 709 975 772 ad

68 813 210 897 spec-iem
244 812 349 876 alariis
381 818 542 893 uteretur;
573 814 641 897 ipse
674 814 791 897 triplici
822 814 975 876 instructa

68 917 136 1002 acie
178 939 280 1001 usque
317 916 359 985 ad
395 922 498 981 castra
532 918 673 980 hostium
711 916 853 980 accessit,
905 922 1009 979 tuma

68 1022 251 1086 necessario
277 1019 429 1085 Germani
452 1022 560 1105 copias
583 1021 773 1101 eduxerunt,
797 1021 974 1103 generatim

69 1129 251 1189 statuerunt
281 1124 409 1208 paribus
439 1124 623 1206 intervallis,
659 1124 820 1204 Harudes,
849 1124 975 1187 Marco-

70 1248 191 1309 manos,
215 1226 377 1309 Triboces,
399 1214 596 1309 VangioneS,
619 1227 784 1309 Nemetes,
813 1227 974 1309 Sedusios,

69 1330 212 1412 Suebos,
249 1350 440 1413 omnemque
464 1330 567 1392 aciem
596 1351 685 1392 suam
716 1331 811 1393 carris
841 1330 974 1394 circum-

70 1432 245 1514 dederunt,
267 1452 373 1516 nequa
395 1453 468 1516 spes
490 1432 523 1494 in
544 1433 621 1515 fuga
651 1433 895 1517 relinqueretur.
916 1441 973 1496 'eo
996 1456 1008 1495 ³

68 1536 220 1600 mulieres
241 1536 478 1618 imposuerunt,
509 1557 590 1620 quae
614 1537 851 1620 proficiscentes
873 1537 975 1620 passis

68 1640 215 1703 manibus
237 1639 350 1702 flentcs
372 1639 583 1723 inplorabant,
606 1660 646 1702 ne
670 1661 703 1703 se
728 1641 760 1702 in
788 1641 974 1704 servitutem

68 1741 226 1806 Romanis
248 1741 420 1805 traderent.

132 1845 207 1910 LII.
232 1844 350 1909 Caesar
362 1845 495 1927 singulis
509 1844 689 1927 legionibus
698 1846 839 1927 singulos
850 1847 974 1928 legatos
996 1868 1007 1905 1

69 1957 101 2014 et
143 1954 349 2034 quaestorem
384 1949 552 2033 pracfecit,
588 1949 635 2010 uti
671 1968 726 2012 eos
762 1954 861 2013 testes
898 1970 973 2013 suae

70 2055 205 2138 quisque
236 2052 361 2114 virtutis
391 2053 540 2131 haberet3
572 2052 640 2135 ipse
671 2071 690 2113 a
718 2049 832 2115 dextro
866 2072 1008 2132 cornu,a

69 2156 157 2242 quod
172 2161 298 2240 partem
315 2155 444 2218 minime
453 2154 576 2218 firmam
591 2154 731 2216 hostium
747 2174 816 2217 esse
832 2152 973 2216 animad-

69 2264 227 2340 verterat,
251 2258 409 2342 proelium
446 2258 613 2320 commisit.
648 2257 693 2319 ita
722 2257 824 2319 nostri
859 2257 1008 2323 acritera

71 2363 161 2445 signo
180 2360 255 2423 dato
272 2361 427 2444 impetum
441 2361 586 2425 fecerunt
600 2361 707 2443 itaque
717 2359 826 2422 hostes
841 2366 973 2442 repente

71 2464 282 2546 celeriterque
290 2468 525 2546 procurrerunt,
534 2467 569 2524 ut
577 2462 712 2545 spatium
722 2462 787 2545 pila
797 2463 975 2525 coniciendi

70 2587 134 2629 nou
159 2564 299 2628 daretur.
334 2565 460 2629 reiectis
482 2566 553 2648 pilis
582 2564 696 2648 gladiis
717 2573 892 2650 pugnatum
916 2573 1008 2631 ests

71 2675 101 2731 at
125 2658 456 2732 Germani'oeleritcr
479 2687 520 2730 ex
551 2667 781 2731 consuetudine
811 2690 868 2731 sua
895 2669 973 2752 pha·

70 2772 166 2856 lange
210 2771 295 2835 facta
329 2771 467 2855 impetus
506 2777 710 2854 exceperunt.
748 2773 867 2855 reperti
902 2779 1007 2836 sunta

73 2876 252 2960 complures
289 2875 405 2956 nostri,
439 2875 493 2959 qui
527 2875 560 2937 in
595 2875 770 2959 phalangas
807 2876 973 2958 insilirent,

73 2986 160 3043 scuta
185 2979 330 3043 manibus
352 2978 555 3041 revellerent.
591 2999 662 3040 cum
686 2978 825 3040 hostium
848 2978 932 3042 acies
955 2999 1007 3042 aa

73 3082 198 3145 sinistro
223 3102 322 3145 cornu
337 3082 429 3165 pulsa
444 3087 537 3164 atque
560 3082 593 3144 in
608 3081 685 3163 fuga
708 3087 836 3163 assota
859 3081 972 3145 dextro

74 3206 170 3249 cornu
202 3184 411 3248 vehementer
437 3184 639 3247 multitudiue
670 3205 799 3247 suorum
831 3190 973 3247 nostram

74 3288 171 3352 aciem
184 3287 381 3372 premebant.
404 3285 438 3348 id
450 3308 521 3350 cum
539 3286 814 3349 animadvertisset
829 3286 866 3350 P.
880 3286 972 3350 Cras·
995 3315 1006 3353 u

75 3410 125 3452 sus
147 3389 344 3470 adulescens,
369 3389 423 3473 qui
446 3389 600 3473 equitatui
621 3395 778 3472 praeerat,
802 3389 888 3472 quod
915 3412 971 3454 ex·

124 3491 226 3531 Omana
239 3489 328 3529 bellum
341 3489 462 3529 Gallicum.
802 3496 817 3542 3
