2332 3892
453 256 501 307 Vl.
530 258 606 307 4-6.
922 255 982 317 133

60 455 164 518 quam
187 430 222 494 id
245 429 328 495 effici
349 437 470 515 posset,
494 431 608 494 adesse
624 429 790 494 Romanos
808 430 981 494 nuntiatur.

59 537 249 603 necessario
295 536 453 601 desistunt
503 537 692 621 legatosque
744 535 874 599 mittunt
924 555 1018 618 perr

60 641 219 726 Aeduos,
233 658 237 668 ·
250 663 386 726 quorum
415 641 588 725 antiquitus
619 646 687 704 erat
716 640 749 704 in
771 637 835 702 fide
859 639 980 703 civitas.

59 748 205 812 libenter
238 744 356 810 Caesar
387 745 571 829 petentibus
603 742 729 808 Aeduis
761 743 815 807 dat
852 744 1015 808 veniama

61 851 374 933 excusationemque
398 850 529 934 accipit,
562 848 649 933 quod
672 849 831 913 aestivum
853 854 980 932 tempus

60 956 214 1021 instantis
236 955 331 1037 belli,
353 976 420 1019 non
442 955 639 1039 quaestionis
663 975 733 1018 esse
756 954 978 1018 arbitrabatur.

62 1058 233 1126 obsidibus
253 1059 418 1144 imperatis
442 1065 571 1123 centum
592 1056 717 1122 Aeduis
750 1057 978 1123 custodiendos
998 1067 1013 1116 '4

59 1164 171 1230 tradit.
217 1153 333 1228 eodem
358 1162 513 1227 Carnutes
536 1164 661 1247 legatos
686 1161 878 1245 obsidesque
907 1161 1014 1226 mit-s

59 1275 133 1334 tunt
165 1269 217 1332 usi
249 1267 510 1351 deprecatoribus
541 1267 672 1349 Remis,
715 1287 850 1350 quorum
888 1273 979 1331 erant
1058 1332 1060 1336 ,

58 1372 229 1453 clientela3
261 1371 375 1436 eadem
403 1370 510 1435 ferunt
538 1382 703 1455 responsa.
748 1372 873 1456 peragit
903 1386 1013 1436 con-⁶

58 1477 173 1541 cilium
197 1475 315 1540 Caesar
339 1475 527 1559 equitesque
549 1475 687 1558 imperat
711 1475 902 1540 civitatibus.

124 1581 168 1646 V.
208 1581 280 1646 Hac
303 1587 393 1664 parte
418 1581 543 1645 Galliae
566 1587 681 1664 pacata
702 1586 789 1645 totus
813 1586 845 1644 et
868 1585 976 1644 mente
999 1594 1011 1634 1

57 1694 91 1751 et
129 1686 239 1752 animo
274 1685 308 1750 in
344 1686 467 1750 bellum
502 1685 632 1748 insistit.
679 1683 872 1748 Cavarinum
904 1704 1012 1746 cumr

57 1792 207 1877 equitatu
232 1790 396 1878 Senonum
426 1811 536 1854 secum
558 1776 716 1873 proficisci
738 1790 838 1872 iubet,
861 1790 976 1873 nequis

57 1918 101 1960 ex
129 1897 227 1960 huius
257 1895 422 1959 iracundia
451 1901 506 1958 aut
534 1915 576 1959 ex
600 1916 655 1977 eo,
689 1893 776 1979 quod
805 1899 975 1976 meruerat,

59 2000 134 2066 odio
159 2007 266 2066 motus
291 2000 434 2064 exsistat.
478 1998 566 2084 quod
588 2020 646 2082 pro
677 2000 845 2082 explorato
876 1999 1009 2062 habe-e

56 2106 111 2170 bat
134 2103 362 2188 Ambiorigem
384 2088 509 2187 proelio
539 2125 606 2168 non
635 2123 706 2166 esse
739 2109 973 2185 contenturum,

55 2211 183 2295 reliqua
206 2209 274 2273 eius
291 2208 425 2273 consilia
440 2209 547 2273 animo
565 2207 852 2290 circumspiciebat.
884 2214 974 2272 erant
995 2224 1009 2262 4

55 2312 202 2397 Menapii
230 2313 403 2398 propinqui
430 2313 618 2378 Eburonum
647 2311 778 2394 finibus,
809 2312 973 2395 perpetuis

56 2416 230 2502 paludibus
255 2416 407 2500 silvisque
430 2416 554 2497 muniti,
579 2415 634 2499 qui
657 2416 712 2479 uni
733 2414 865 2500 legatos
882 2436 974 2478 num·

55 2542 154 2606 quam
180 2520 345 2584 miserant.
391 2541 475 2600 ,cum
503 2520 554 2583 his
584 2539 655 2583 esse
689 2519 867 2604 hospitium
894 2515 973 2582 Am-

56 2625 188 2710 biorigi3
219 2625 299 2689 item
327 2644 385 2707 per
407 2622 566 2689 Treveros
595 2624 722 2688 venisse
747 2624 916 2690 Germanis
939 2625 973 2688 in

59 2723 241 2795 amicitiam.
286 2729 367 2793 haec
407 2730 495 2812 prius
535 2728 583 2792 illi
623 2727 823 2792 detrahenda
852 2728 1005 2792 auxilios

61 2852 154 2916 quam
182 2833 290 2918 ipsum
316 2827 511 2898 lacesseret‘
556 2833 619 2897 hcc
647 2833 728 2897 inito
759 2832 892 2897 consilio
923 2839 1005 2897 to÷c

63 2935 119 3000 tius
150 2939 311 3002 exercitus
340 2936 562 3022 inpedimenta
594 2936 635 3001 ad
664 2937 845 3001 Labienum
874 2938 971 3001 mittit
1071 2930 1076 2939 ’

67 3038 200 3128 duasque
229 3042 392 3127 legiones3
425 3032 500 3126 'ipse
534 3063 607 3125 cum
639 3041 800 3125 expeditis
830 3041 969 3125 quinque

69 3141 97 3206 iu
114 3147 281 3231 Menapios
303 3145 524 3230 proficiscitur.
558 3147 605 3210 illi
626 3146 716 3210 nulla
739 3152 850 3210 coacta
872 3163 1004 3209 manui

10 3298 12 3303 .
70 3243 124 3311 loci
148 3249 308 3335 praesidio
337 3248 411 3313 freti
439 3250 474 3313 in
504 3250 600 3314 silvas
630 3247 829 3333 paludesque
859 3248 969 3313 conf-

71 3348 149 3428 giunt
171 3374 291 3438 suaque
315 3353 432 3418 eodem
456 3353 633 3419 conferunt.

126 3453 180 3520 VI.
218 3457 336 3521 Caesar
365 3458 490 3542 partitis
522 3460 622 3543 copiis
653 3480 726 3522 cum
750 3457 786 3521 Ο.
809 3458 911 3523 Fabio
936 3465 1001 3521 etr

770 3558 811 3610 μ
