2332 3892
482 207 544 257 vn.
574 208 685 258 ec-aa
974 210 1034 274 175

125 378 229 444 lentio
252 379 355 443 noctis
373 378 490 444 Caesar
513 400 671 463 egressus,
694 379 879 464 priusquam
894 380 1034 445 subsidio

125 483 231 549 veniri
253 488 373 567 posset,
396 483 554 567 praesidio
578 485 710 568 potitus,
735 484 812 547 duas
830 485 874 548 ibi
888 485 1034 568 legiones

126 586 309 650 conlocavit
331 586 513 672 fossamque
537 588 697 673 duplicem
717 587 901 653 duodenum
916 589 1036 673 pedum

126 712 147 755 a
168 690 343 755 maioribus
367 692 476 755 castris
499 692 541 759 ad
563 693 687 756 minora
708 692 878 778 perduxit,
906 698 943 756 ut
965 698 1033 756 tuto

127 794 225 858 etiam
249 794 366 876 singuli
388 815 568 860 commeare
590 802 733 880 possent.

191 895 369 961 XXXVII.
394 896 481 960 Dum
503 898 583 962 haec
602 898 644 962 ad
660 898 855 982 Gergoviam
870 904 1035 983 geruntur,
1056 922 1069 960 1

128 999 393 1065 Convictolitavis
423 998 560 1064 Aeduus
592 1001 780 1065 sollicitatus
812 1002 851 1066 ab
883 1001 1036 1067 Arvernis

126 1103 265 1190 pecunia
287 1123 360 1166 cum
378 1101 569 1187 quibusdam
583 1102 843 1170 adulescentibus
857 1106 1036 1190 praemium
1058 1127 1070 1166 a

127 1207 343 1273 communicat
364 1207 583 1292 hortaturque,
606 1213 642 1270 ut
664 1229 698 1272 se
718 1208 836 1273 liberos
853 1215 885 1274 et
900 1209 1035 1294 imperio

126 1317 221 1377 natos
253 1310 466 1376 meminerint.
500 1331 607 1393 ,unam
625 1332 708 1376 esse
737 1310 928 1376 Aeduorum
960 1311 1071 1375 civi-e

128 1421 238 1497 tatem,
251 1433 333 1498 quae
345 1413 554 1479 certissimam
565 1413 690 1480 Galliae
699 1414 867 1480 victoriam
877 1414 1035 1495 detineat;

128 1520 197 1584 eius
225 1518 417 1583 auctoritaie
439 1518 582 1603 reliquas
604 1519 776 1601 contineri3
806 1539 870 1603 qua
890 1517 1037 1582 traducta

127 1624 236 1687 locum
260 1621 456 1687 consistendi
478 1621 634 1687 Romanis
655 1643 722 1686 non
743 1622 824 1686 fore.
862 1642 933 1686 esse
955 1641 1036 1685 non·
1058 1650 1072 1688 4

128 1726 215 1790 nullo
247 1745 282 1790 se
306 1724 452 1790 Caesaris
482 1725 639 1790 beneficio
670 1724 845 1807 adfectum3
879 1723 936 1788 sed
965 1725 1037 1808 plus

131 1827 292 1895 communi
306 1827 448 1892 libertati
460 1827 611 1892 tribuere.
637 1849 692 1892 cur
706 1828 792 1893 enim
806 1826 913 1912 potius
929 1825 1037 1891 Aedui
1059 1853 1072 1892 r

132 1932 169 1999 de
202 1952 261 1996 suo
291 1931 360 1996 iure
389 1930 431 1995 ad
462 1930 633 1996 Gaesarem
664 1930 913 2015 disceptatorem
942 1950 1037 2014 quam

131 2035 269 2101 Romani
291 2034 333 2099 ad
346 2034 482 2100 Aeduos
496 2032 661 2101 veniantl‘
685 2035 834 2100 celeriter
849 2032 1035 2097 adulescen·
1059 2059 1073 2099 e

131 2139 212 2204 tibus
243 2144 276 2204 et
305 2138 450 2205 oratione
480 2144 513 2203 et
540 2140 682 2224 praemio
714 2137 877 2220 deductis,
907 2157 980 2200 cum
1001 2155 1057 2200 se>

129 2242 181 2307 rel
204 2241 367 2326 principes
388 2241 455 2305 eius
471 2242 596 2306 consilii
609 2242 679 2306 fore
695 2241 932 2325 profiterentur,
954 2239 1035 2304 ratio

128 2343 316 2430 perficiendi
350 2344 572 2431 quaerebatur.
603 2345 741 2430 placuit,
778 2345 825 2408 nti
856 2342 1073 2409 Litaviccusr

130 2447 244 2512 decem
265 2447 330 2520 illis
352 2447 488 2528 milibus,
512 2466 592 2532 quse
617 2446 658 2510 ad
680 2447 802 2510 bellum
824 2447 1038 2529 mitterentur,

128 2551 374 2636 praeficeretur:
413 2551 536 2635 reliqua
568 2547 631 2635 qua
663 2550 787 2614 ratione
817 2549 872 2633 agi
902 2549 1038 2634 placeat,

129 2655 338 2720 constituunt.

192 2755 387 2823 XXXVIII.
413 2756 603 2838 Litaviccus,
620 2777 693 2821 cum
708 2755 797 2820 milia
810 2776 963 2841 passuum
978 2753 1037 2818 cir-
1060 2779 1069 2818 1

130 2865 210 2929 citer
232 2885 297 2926 xxx
319 2861 359 2926 ab
380 2859 544 2945 Gergovia
566 2860 703 2942 abesset,
726 2859 910 2923 convocatis
933 2855 1036 2921 subito

132 2965 278 3031 omnibus
288 2963 471 3028 lacrimans:
486 2983 558 3049 ,quo
569 2962 821 3048 proficiscimur?
838 2962 941 3046 inquit
957 2981 1037 3042 ,om-
1059 2984 1072 3022 n

132 3069 180 3133 nis
193 3073 306 3133 noster
315 3067 485 3153 equitatus,
503 3065 605 3130 omnis
621 3065 771 3130 nobilitas
780 3064 953 3128 insimulati
962 3084 1036 3147 pro·

135 3172 261 3238 ditionis
282 3172 322 3236 ab
336 3170 491 3235 Romanis
510 3168 672 3235 interfecti
687 3173 770 3232 sunt.
799 3167 838 3232 ab
853 3166 903 3231 his
916 3185 1035 3250 cogno·
1058 3189 1071 3229 e

135 3274 220 3356 scite,
241 3274 296 3360 qui
311 3294 354 3338 ex
367 3273 436 3357 ipsa
451 3271 551 3337 caede
566 3271 732 3355 fugerunt3
755 3290 829 3333 nam
846 3289 907 3353 ego
925 3268 1035 3333 dolore

136 3377 320 3460 prohibeor,
350 3396 430 3459 quae
458 3380 551 3459 gesta
580 3380 669 3456 sunt,
699 3367 925 3456 pronuntiare‘.
959 3391 1071 3455 pro-4

335 3490 342 3504 ·
781 3479 814 3526 10
833 3471 874 3507 Ἠ
