2332 3892
406 239 469 298 vn.
493 239 604 288 rr-m.
900 241 957 304 181

56 412 292 494 existimarent,
322 431 392 475 sese
422 431 464 475 ex
492 410 610 496 oppido
635 411 805 475 eiecerunt.
844 419 995 476 matress

54 514 195 578 familiae
226 512 266 578 de
289 535 379 578 muro
403 521 527 578 vestem
550 522 780 599 argentumque
803 516 962 581 iactabant

55 625 88 682 et
109 618 328 702 prominentes
350 618 453 702 passis
474 619 620 683 manibus
645 619 897 704 obtestabantur,
927 629 963 686 ut

55 723 116 787 sibi
146 728 314 807 parcerent
344 743 423 804 neu,
450 723 532 786 sicut
565 721 695 788 Avarici
723 724 889 807 fecissent,
920 744 962 789 ne

55 850 74 892 a
102 825 290 891 mulieribus
325 825 454 907 quidem
487 833 582 908 atque
620 826 793 891 infantibus
824 828 962 892 abstine·

55 937 138 1011 rent;
169 929 341 994 nonnullae
363 949 422 1012 per
443 951 556 992 manus
579 929 738 995 demissae
763 952 834 996 sese
856 932 995 998 trade-s
1021 917 1036 941 ¹

56 1034 142 1098 bant.
184 1029 221 1094 L.
250 1031 386 1114 Fabius,
418 1034 574 1098 centurio¹
591 1035 730 1119 legionis
758 1059 837 1118 vm,
867 1057 995 1120 quemi

56 1138 139 1202 inter
168 1156 243 1200 suos
272 1155 311 1199 eo
342 1133 394 1198 die
425 1135 545 1200 dixisse
575 1137 740 1202 constabat
761 1140 905 1221 ,excitari
927 1160 962 1204 se

56 1239 306 1307 Avaricensibus
333 1240 485 1322 praemiis
512 1260 616 1324 neque
640 1241 897 1325 commissurum,
927 1249 964 1307 ut

58 1345 143 1428 prius
181 1342 347 1426 quisquam
380 1363 506 1406 murum
539 1340 754 1426 ascenderet‘,
791 1351 856 1409 tres
888 1368 962 1411 suos

56 1453 167 1512 nactus
189 1447 402 1529 manipulares
425 1452 520 1529 atque
543 1446 583 1510 ab
605 1446 645 1510 iis
670 1447 868 1531 sublevatus,
893 1448 963 1533 ipse

56 1571 164 1617 rursus
188 1550 330 1634 singulos
353 1556 527 1633 exceptans
548 1550 582 1614 in
604 1570 730 1613 murum
753 1552 877 1616 extulit.

118 1653 275 1719 XLVIII.
305 1653 440 1717 Interim
464 1653 503 1735 ii,
533 1653 587 1736 qui
610 1652 651 1716 ad
673 1654 806 1718 alteram
827 1663 995 1739 partem,1

55 1765 89 1823 ut
120 1779 219 1842 supra
249 1756 552 1838 demonstravimus,
591 1763 820 1840 convenerant,
858 1761 962 1843 primo

56 1861 208 1926 exaudito
233 1860 385 1941 clamore,
415 1858 490 1923 inde
514 1859 611 1924 etiam
634 1861 752 1924 crebris
774 1862 893 1926 nuntiis
916 1865 963 1928 in·

56 1966 143 2030 citati
171 1963 356 2049 praemissis
386 1962 545 2047 equitibus
569 1984 685 2046 magno
710 1983 803 2027 cursu
825 1985 864 2030 eo
889 1987 963 2031 con·

56 2070 237 2136 tenderunt.
268 2073 304 2132 ut
326 2068 459 2151 quisque
481 2067 603 2151 primus
625 2074 766 2149 venerat,
790 2067 847 2131 sub
871 2090 961 2134 muro
983 2096 995 2135 a

56 2173 261 2242 consistebat.
299 2192 371 2235 cum
401 2190 518 2252 magna
549 2169 719 2234 multitudo
751 2171 994 2254 convenissetis

55 2284 174 2343 matres
202 2275 341 2340 familiae
372 2294 446 2338 suos
476 2272 629 2338 obtestari
657 2280 690 2338 et
717 2295 807 2339 more
837 2275 960 2340 Gallico

55 2399 201 2466 sparsum
238 2377 388 2462 capillum
420 2383 579 2442 ostentare
610 2376 792 2460 liberosque
822 2378 856 2442 in
888 2400 962 2444 con·

56 2490 201 2570 spectum
215 2481 368 2566 proferre.
392 2487 459 2545 erat
474 2500 535 2544 nec
549 2480 621 2545 loco
637 2501 697 2545 nec
711 2502 844 2546 numero
861 2502 962 2565 aequa
981 2508 994 2547 4

55 2586 236 2666 contenti03
282 2584 375 2648 simul
420 2589 452 2646 et
496 2603 588 2646 cursu
626 2590 658 2647 ct
694 2584 796 2666 spatio
833 2605 960 2670 pugnae

54 2690 179 2775 fatigati
207 2708 273 2752 non
299 2687 392 2751 facile
415 2693 562 2750 recentes
586 2692 681 2770 atque
703 2688 846 2772 integros
868 2692 961 2754 susti·

56 2794 193 2858 nebant?
813 2871 816 2874 ῃ

115 2892 240 2960 XLIX.
265 2892 381 2957 Caesar
391 2914 463 2957 cum
472 2894 581 2978 iniquo
592 2896 664 2959 loco
675 2895 811 2980 pugnari
820 2896 961 2960 hostem·
981 2919 993 2959 1

55 3019 115 3084 que
131 2997 245 3082 augeri
256 2996 390 3078 videret,
407 3004 631 3080 praemetuens
645 2998 710 3060 suis
720 2997 760 3061 ad
769 2997 805 3060 Τ.
816 2997 961 3062 Sextium

56 3102 212 3186 legatum,
242 3119 338 3183 quern
367 3100 542 3164 minoribus
572 3101 682 3165 eastris
704 3095 863 3184 praesidio
887 3103 961 3166 reli·

57 3212 181 3290 querat,
212 3205 314 3287 misit,
343 3211 379 3268 ut
409 3205 557 3269 cohortes
587 3205 733 3268 celeriter
756 3202 907 3269 educeret
929 3212 962 3269 et

59 3308 113 3372 sub
134 3307 245 3372 infimo
269 3307 350 3371 colle
374 3308 595 3389 constitueret,
619 3314 668 3388 ut,
693 3307 719 3369 si
740 3313 867 3370 nostros
889 3309 994 3372 locos

59 3413 163 3495 pulsos
186 3410 330 3492 vidisset,
354 3430 415 3493 quo
439 3411 543 3474 minus
565 3411 665 3473 libere
687 3411 798 3474 hostes
815 3410 962 3494 inseque-

750 3516 779 3563 11
790 3510 806 3544 ²¹·-
