2332 3892
64 252 66 255 ,
158 188 222 250 208
521 189 597 240 v111.
627 191 704 240 2-4.

158 383 253 447 quam
275 384 342 426 non
357 364 455 447 longe
478 384 496 427 a
520 362 634 426 fmibus
648 361 841 428 Aeduorum
858 366 1065 431 collocaverat

156 469 189 531 in
211 468 325 532 finibus
348 469 541 553 Biturigum,
566 468 660 552 eique
676 468 825 550 adiungit
839 469 1004 552 legionem
1018 495 1064 552 xn,

24 620 27 625 «
121 593 239 658 aquae
270 572 420 657 proxima
452 571 566 636 fuerat.
618 571 701 635 binis
737 571 926 637 cohortibus
955 573 995 637 ad
1020 575 1062 637 in·

156 675 343 760 pedimenta
357 675 480 739 relictis
500 674 660 761 reliquum
676 676 855 739 exercitum
870 677 902 739 in
920 678 1062 762 copiosis-

156 781 255 845 simos
278 800 374 864 agros
397 779 581 863 Biturigum
604 778 737 843 inducit.

119 914 130 952 1
220 885 282 948 ΠΙ.
317 884 501 968 Repentino
519 884 662 948 adventu
679 884 826 950 Caesaris
841 885 970 970 accidit,
985 885 1061 972 quod

153 991 307 1075 inparatis
323 989 527 1075 disiectisque
544 990 692 1055 accidere
708 989 768 1053 fuit
782 1011 930 1072 necesse,
954 997 988 1055 ut
1002 993 1059 1054 sim

59 1166 64 1175 x
154 1096 270 1159 timore
293 1094 359 1158 ullo
384 1081 458 1158 rura
482 1095 625 1160 colentes
640 1095 728 1180 prius
745 1095 784 1159 ab
802 1097 949 1180 equitatu
965 1095 1058 1180 oppri-

154 1203 320 1262 merentur
358 1219 454 1283 quam
488 1190 663 1284 confugere
700 1200 733 1263 in
770 1200 891 1284 oppida
928 1205 1057 1286 possent.

120 1324 293 1388 anamquc
323 1305 421 1368 etiam
449 1302 530 1367 illud
560 1304 693 1387 vulgare
724 1305 918 1369 incursionis
945 1306 1056 1390 signum

156 1407 303 1473 Caesaris
321 1413 389 1471 erat
404 1406 576 1471 interdicto
600 1408 760 1472 sublatum
781 1407 836 1489 (ne
853 1410 949 1495 copia
963 1407 1057 1495 pabuli

154 1513 381 1597 frumentique,
405 1513 432 1575 si
455 1511 583 1597 longius
605 1510 760 1596 progredi
782 1511 892 1594 vellet,
918 1510 1056 1577 deficere·

120 1646 132 1682 a
155 1619 231 1699 tur),
255 1622 290 1680 ut
313 1616 423 1680 hostes
445 1614 603 1680 incendiis
626 1620 834 1693 terrerentur.
880 1617 989 1680 multis
1009 1615 1056 1678 ho·

154 1723 277 1787 minum
300 1721 428 1786 milibus
457 1720 559 1804 captis
581 1719 745 1804 perterriti
775 1719 829 1803 qui
851 1720 991 1804 primum
1012 1718 1056 1783 ad·

155 1832 287 1891 ventum
309 1830 482 1910 potuerant
505 1825 650 1908 effugere
673 1824 917 1909 Romanorum,
947 1827 979 1890 in
999 1824 1055 1888 fini-

155 1933 249 1996 timas
280 1931 426 1995 civitates
455 1934 511 1992 aut
541 1929 675 2013 privatis
704 1928 852 2014 hospitiis
882 1929 993 1994 confisi
1014 1932 1057 1993 aut

119 2069 131 2107 4
156 2037 311 2100 socictate
336 2033 544 2099 consiliorum
568 2032 790 2117 confugerant.
834 2033 969 2117 frustra3
994 2052 1056 2097 nan

157 2140 276 2205 Caesar
307 2137 431 2221 magnis
454 2136 621 2201 itineribus
651 2137 799 2207 omnibus
821 2138 902 2201 locis
933 2135 1058 2203 occurrit

154 2265 215 2309 noc
239 2243 294 2307 dat
316 2242 454 2326 spatium
486 2239 525 2305 dc
554 2240 659 2306 aliena
687 2240 795 2325 potius
825 2261 923 2324 quam
947 2240 988 2304 de
1010 2239 1056 2304 do·

154 2349 288 2413 mestica
311 2345 414 2409 salute
438 2343 618 2428 cogitandi3
643 2364 706 2428 qua
724 2343 890 2409 celeritate
908 2350 943 2410 et
957 2344 1058 2408 fideles

119 2453 274 2528 5amicos
305 2449 466 2515 retinebat
496 2454 528 2513 et
559 2448 742 2512 dubitantes
774 2447 969 2513 adducebat.
1012 2446 1056 2534 Bi7

154 2557 295 2640 turiges,
329 2574 400 2616 curn
440 2553 501 2617 sibi
534 2551 684 2617 viderent
714 2553 886 2619 clementia
923 2552 1057 2620 Caesaris

153 2659 294 2722 reditum
328 2663 440 2743 patere
472 2658 697 2743 finitimasque·
720 2658 867 2723 civitates
899 2660 969 2723 sinc
1002 2656 1057 2722 ulla

153 2783 260 2848 poena
284 2762 410 2827 dedisse
436 2760 575 2844 obsides,
599 2760 686 2825 idem
709 2761 867 2847 fecerunt.

118 2904 128 2943 1
218 2868 277 2931 IV.
319 2867 438 2931 Caesar
468 2866 622 2929 militibus
659 2887 718 2951 pro
757 2873 846 2930 tanto
883 2867 995 2933 labore
1027 2884 1054 2930 ac

152 2972 317 3056 patientia,
341 2971 396 3055 qui
416 2969 615 3034 brumalibus
639 2969 769 3054 diebus,
791 2971 961 3036 itineribus
985 2969 1053 3036 diffi-

152 3077 287 3158 cillimis,
310 3074 482 3160 frigoribus
504 3073 715 3138 intolerandis
737 3074 972 3142 studiosissime
994 3093 1051 3162 per·

152 3185 336 3244 manserant
359 3179 391 3241 in
413 3178 542 3259 labore,
567 3176 710 3241 ducenos
732 3180 921 3266 sestertios,
954 3187 1050 3247 centu·

151 3284 294 3349 rionibus
326 3289 429 3346 totum
462 3282 526 3346 iam
561 3303 728 3346 nummum
759 3286 902 3368 praedae
934 3287 1049 3350 nomine

151 3387 357 3452 conciliatum
391 3386 563 3470 pollicetur
591 3387 837 3472 legionibusque
867 3391 902 3455 in
931 3392 1050 3456 hiberna
