2332 3892
194 212 213 272 2
583 216 604 271 1.
635 219 708 267 1-3.

172 383 310 447 aflumen
326 382 485 466 Rhenum,
507 383 612 466 'vergit
634 383 675 447 ad
698 387 942 469 septentriones.
973 387 1096 469 Belgae

193 485 232 549 ab
264 487 416 550 extremis
447 486 569 551 Galliae
597 486 715 567 ,finibus
747 489 906 568 oriuntur3
935 489 1097 573 pertinent

193 589 234 652 ad
256 590 439 654 interiorem
461 595 584 674 partem
600 589 722 669 Rheni;
745 597 890 674 spectant
912 592 945 653 in
968 597 1095 675 septon-

172 692 330 756 rtrionem
345 698 377 756 et
393 693 549 756 orientem
562 692 673 756 solem.
705 691 888 776 Aquitania,
903 715 922 756 a
935 693 1098 757 Garumna

192 794 321 857 flumine
352 793 393 857 ad
427 794 612 878 Pyrenaeos
642 798 768 857 montes
805 800 837 858 et
869 815 940 858 eam
974 801 1097 877 partem

194 897 324 978 Oceani,
347 918 427 981 quae
443 898 484 960 ad
499 896 688 980 Hispaniam
703 898 852 981 pertinet,
876 903 999 980 speetat
1014 898 1096 962 inter

195 1020 341 1064 oeoasum
364 1001 440 1064 solis
463 1006 495 1065 et
518 999 762 1083 septentriones.

173 1126 184 1164 1
257 1102 301 1166 ΙΙ.
341 1103 438 1187 Apud
466 1102 635 1167 Helvetios
665 1102 762 1184 longe
794 1102 1007 1165 nobilissimus
1038 1103 1098 1164 fuit

98 1253 101 1261 .
195 1211 227 1270 et
241 1205 413 1269 ditissimus
430 1204 613 1288 Orgetorix.
648 1204 674 1266 is
691 1203 734 1266 M.
750 1203 896 1285 Messala,
920 1203 962 1266 M.
979 1204 1097 1268 Pisone

74 1366 76 1370 .
194 1309 375 1372 oonsulibus
390 1309 481 1391 regni
496 1306 668 1392 eupiditate
684 1305 831 1370 inductus
847 1308 1098 1370 coniurationem

192 1410 367 1473 nobilitatis
389 1410 479 1492 feeit,
508 1416 544 1473 ut
568 1409 606 1474 de
629 1410 742 1473 finibus
771 1411 834 1473 suis
857 1431 929 1473 eum
952 1411 1098 1473 omnibus

173 1513 294 1597 aoopiis
317 1512 458 1577 exirent:
483 1512 644 1598 ,perfacile
670 1533 749 1595 esse,
773 1533 845 1576 eum
860 1514 976 1576 virtute
996 1515 1097 1576 omni·

172 1615 252 1681 obus
274 1620 481 1699 praestarent,
505 1617 602 1679 totius
619 1616 742 1680 Galliae
763 1616 897 1699 imperio
913 1614 1030 1700 potiri‘
1064 1617 1098 1679 id

194 1718 255 1781 hoo
270 1718 392 1781 facilius
407 1719 453 1782 eis
468 1718 635 1801 persuasit,
652 1719 738 1802 quod
753 1718 893 1802 undique
908 1719 971 1782 loei
986 1726 1099 1782 natura

193 1819 337 1883 Helvetii
353 1820 569 1882 eontinentur:
593 1840 656 1882 una
676 1826 821 1904 exparte
837 1821 965 1885 flumine
981 1821 1096 1884 Rheno

194 1923 357 2004 latissimo,
388 1922 441 2006 qui
463 1942 574 2005 agrum
598 1921 787 1985 Helvetium
809 1943 827 1985 a
851 1923 1018 1986 Germanis
1050 1923 1097 1986 di·

193 2026 288 2106 vidit;
319 2027 419 2090 altera
442 2047 484 2089 ex
506 2031 595 2110 parte
619 2031 727 2089 monte
750 2025 824 2088 Iura
847 2026 1014 2108 altissimo,
1044 2027 1098 2109 qui

196 2143 245 2194 est
265 2130 348 2192 inter
370 2127 534 2211 Sequanos
558 2133 591 2191 et
612 2128 797 2208 Helvetios3
827 2129 920 2192 tortia
942 2128 1012 2192 laen
1033 2129 1096 2193 Le-

195 2251 310 2293 manno
340 2235 372 2294 et
399 2230 528 2293 flumine
551 2229 727 2311 Rhodano,
759 2231 813 2314 qui
838 2231 1034 2314 provintiam
1057 2230 1097 2294 ab

174 2334 355 2399 4Helvetiis
378 2332 500 2397 dividit.
531 2333 580 2396 his
602 2334 698 2397 rebus
719 2332 825 2415 fiebat,
848 2339 884 2397 ut
906 2335 1009 2397 minus
1032 2335 1096 2399 late

195 2442 403 2520 vagarentur3
427 2456 507 2520 quae
529 2434 654 2518 experti
673 2433 819 2499 homines
835 2434 975 2498 bellandi
990 2435 1102 2519 cupidi*

174 2560 311 2622 smagno
355 2538 466 2602 dolore
508 2537 750 2602 adliciebantur:
788 2558 855 2621 ,pro
894 2538 1096 2605 multitudine

194 2643 359 2707 hominum
388 2649 420 2706 et
447 2663 505 2726 pro
536 2641 639 2725 gloria
667 2640 742 2705 belli
764 2646 924 2724 'angustos
954 2661 987 2705 se
1018 2641 1097 2706 fines

194 2743 322 2810 habere‘
347 2743 414 2828 (qui
432 2745 465 2807 in
480 2741 715 2826 longitudinem
738 2743 824 2806 milia
838 2763 988 2827 passuum
1011 2768 1096 2828 coxo,

194 2848 228 2911 in
248 2847 454 2911 latitudinem
471 2869 570 2910 cnxxx
591 2845 768 2929 patebant).

175 2984 186 3022 1
259 2950 321 3014 ΠΙ.
354 2950 414 3013 His
443 2950 538 3014 rebus
568 2949 697 3013 adducti
727 2955 759 3013 et
781 2951 969 3015 auctoritate
992 2950 1094 3035 Orge-

194 3055 306 3138 torigis
334 3055 470 3139 permoti
500 3053 731 3117 constituerunt
759 3073 813 3135 ea,
843 3072 924 3136 quae
953 3053 994 3139 ad
1020 3076 1095 3138 pro-

194 3156 398 3221 ficiscendum
420 3158 631 3240 pertinerent,
655 3177 856 3240 comparare,
880 3157 1095 3220 iumentorum

195 3266 227 3324 et
249 3281 410 3324 carrorum
434 3282 528 3345 quam
551 3260 723 3324 maximum
746 3280 913 3323 numerum
936 3280 1094 3343 coemere,

195 3370 353 3428 sementes
385 3384 479 3447 quam
511 3365 664 3427 maximas
696 3364 819 3446 faeere,
851 3369 887 3427 ut
917 3365 949 3428 in
981 3365 1094 3429 itinere
