2332 3892
501 151 552 200 111.
580 153 656 202 a-r.
991 155 1030 215 61

126 320 344 404 Veragrorum
369 322 483 384 teneri.
529 321 563 384 id
593 323 716 406 aliquot
746 322 785 387 de
817 324 919 387 causis
950 325 1069 388 acci-r

126 423 223 506 derat,
248 430 284 486 ut
299 423 404 486 subito
419 424 496 487 belli
511 425 689 489 renovandi
704 427 905 511 legionisque
926 429 1033 512 oppri-

125 527 260 593 mendae
277 526 444 589 cousilium
466 534 633 611 caperent:
656 530 803 613 primum,
828 530 915 614 quod
929 531 1033 614 legio·
1056 557 1068 595 a

119 653 196 716 *nem
220 650 326 713 neque
351 650 422 693 eam
445 631 660 715 plenissimam
680 632 831 697 detractis
847 635 1034 711 cohortibus

127 735 248 799 duabus
272 738 305 797 et
328 734 543 817 compluribus
566 736 751 819 singillatim
770 744 901 823 propter
923 741 1033 825 pauci·

126 844 223 902 tatem
258 837 495 920 despiciebant,
528 844 595 900 tum
631 841 746 922 etiam,
779 841 867 925 quod
902 849 1070 927 proptera

126 941 326 1025 iniquitatem
356 939 439 1022 loci,
471 961 511 1003 ne
543 943 680 1026 primum
714 944 845 1027 quidem
877 946 1033 1031 impetum

126 1065 215 1109 suum
251 1043 400 1106 sustineri
438 1044 672 1108 existimabant.
719 1048 912 1131 accedebat,
946 1049 1070 1135 quous

127 1169 199 1212 suos
222 1145 262 1210 ab
286 1168 320 1210 se
343 1146 518 1212 abstractos
551 1148 697 1212 obsidum
726 1153 855 1216 nomine
881 1154 1035 1218 dolebant

127 1258 158 1316 et
177 1250 346 1314 Romanos
368 1251 506 1315 culmina
528 1251 661 1336 Alpium
691 1273 847 1338 occupare
871 1257 981 1320 conari
1003 1263 1036 1319 et

127 1377 163 1420 ea
185 1356 258 1418 loca
289 1353 442 1418 finitimae
465 1355 649 1438 provinciae
679 1355 856 1439 adiungere
880 1358 940 1422 sibi
961 1380 1035 1443 per·

127 1480 255 1522 suasum
278 1457 447 1522 habebant.

187 1562 251 1626 ΠΙ.
290 1561 412 1640 Galba,
447 1583 518 1625 cum
551 1583 656 1648 neque
690 1564 897 1629 hibernorum
929 1567 1069 1642 muni-1

127 1668 231 1731 tiones
253 1666 348 1750 plene
373 1671 480 1730 essent
502 1667 664 1751 perfectae
688 1689 793 1752 neque
818 1668 857 1732 de
873 1669 1033 1733 frumento

126 1772 312 1854 reliquoque
336 1776 516 1833 commeatu
539 1773 615 1834 satis
638 1777 722 1835 esset
744 1773 1035 1857 provisum,1quod

127 1874 291 1939 deditione
315 1873 398 1937 facta
420 1874 646 1958 obsidibusque
671 1876 809 1959 acceptis
825 1875 905 1938 nihil
920 1877 1035 1939 timen-

127 1977 201 2042 dum
225 1977 482 2060 existimaverat,
512 1978 647 2041 concilio
679 1979 827 2042 celeriter
857 1986 1034 2043 convocato

127 2080 301 2145 sententias
318 2080 500 2163 exquirere.
539 2101 612 2142 oum
634 2085 758 2143 tantum
773 2082 933 2165 repentini
948 2083 1034 2165 peri·
1050 2114 1070 2154 a

128 2184 188 2246 culi
210 2189 338 2266 praeter
362 2182 545 2267 opinionem
575 2181 744 2248 accidisset
772 2204 810 2247 ac
840 2184 907 2246 iam‘
928 2186 1036 2248 omnia

128 2285 193 2350 fere
217 2285 383 2370 superiora
404 2285 476 2349 loca
498 2285 701 2349 multitudine
730 2291 924 2349 armatorum
947 2308 1035 2350 com·

128 2391 216 2474 plets
237 2389 498 2473 conspicerentur
519 2410 623 2473 neque
648 2387 790 2452 subsidio
807 2390 908 2453 veniri
930 2409 1036 2473 neque

129 2495 325 2556 commeatus
356 2491 538 2575 supportari
568 2491 748 2555 interclusis
772 2491 939 2555 itineribus
961 2513 1035 2577 pos·
1088 2558 1090 2561 ,

129 2600 215 2676 sent,
238 2613 340 2676 prope
362 2592 426 2655 iam
450 2592 619 2677 desperata
640 2594 742 2657 salute
765 2595 939 2658 nonnullae
963 2616 1035 2660 seu·
1048 2625 1070 2663 a

129 2696 246 2761 tentiae
271 2694 466 2778 dicebantur,
488 2702 524 2758 ut
546 2695 783 2780 impedimentis
797 2697 917 2760 relictis
941 2718 1034 2781 erup-

130 2801 215 2865 tione
238 2799 323 2862 facta
345 2798 446 2862 isdem
469 2798 646 2878 itineribus,
669 2799 783 2882 quibus
807 2819 846 2863 eo
869 2801 1034 2882 pervenis·

131 2910 219 2985 sent,
254 2902 464 2966 adsalutem
496 2900 739 2965 contenderent.
781 2901 894 2965 maiori
928 2908 1071 2969 tamenc

130 3006 210 3089 parti
236 3004 358 3090 placuit
384 3003 446 3067 hoc
476 3009 603 3067 servato
633 3003 674 3068 ad
697 3010 879 3069 extremum
902 3006 1033 3069 consilio

132 3109 256 3174 interim
283 3108 332 3170 rei
354 3111 505 3172 eventum
529 3107 686 3191 experiri,
719 3116 823 3172 castra
850 3108 1034 3174 defendere.

190 3211 251 3276 IV.
282 3211 381 3275 Brevi
397 3212 500 3296 spatio
516 3213 695 3293 interiecto,
712 3214 768 3275 vix
783 3219 817 3275 ut
836 3213 940 3294 rebus,
958 3234 1035 3298 quas
1059 3235 1070 3275 1

133 3317 377 3397 constituissent,
396 3315 611 3400 conlocandis,
635 3315 891 3380 administrandis
907 3323 1035 3401 tempus

180 3419 283 3458 coeam-ts
297 3418 386 3457 bellum
403 3418 524 3458 danicum.
863 3423 880 3469 4
