2332 3892
435 257 469 307 V.
498 258 610 307 16-18.
905 255 965 317 107

54 427 221 508 dimicare,
244 431 417 511 propterea
439 429 524 510 quod
547 430 594 492 illi
618 429 714 492 etiam
731 428 875 492 consulto
898 427 967 510 ple·

52 552 190 614 rumque
215 531 366 595 cederent
390 537 437 611 et,
467 553 540 595 cum
563 533 693 614 paulum
716 533 755 595 ab
784 531 966 615 legionibus

53 636 280 716 removissent,
303 635 470 698 desilirent
493 642 525 698 et
546 635 693 718 pedibus·
707 635 826 718 dispari
841 634 965 717 proelio

55 737 299 802 contenderent.
344 737 518 801 accedebat
540 739 611 820 huo,
638 745 674 801 ut
696 757 868 820 numquam
893 753 999 801 con-³

54 842 130 906 ferti
153 840 211 904 sed
233 841 296 904 rari
318 841 505 924 magnisque
528 841 704 905 intervallis
734 840 967 923 proeliarentur

55 950 153 1026 atque
176 943 256 1007 alios
279 944 333 1006 alii
356 944 507 1027 deinceps
531 945 728 1027 exciperent.

120 1045 231 1109 XVII.
268 1045 486 1110 Posterodie
515 1049 628 1130 procul
649 1048 759 1111 hostes
782 1046 908 1129 rarique
932 1066 966 1108 se
989 1065 1000 1102 1

57 1149 229 1215 ostendere
254 1157 286 1212 et
306 1151 410 1214 lenius
434 1171 527 1233 quam
557 1150 661 1234 pridie
691 1151 814 1232 equites
842 1149 966 1232 proelio
1072 1199 1076 1207 .

55 1254 227 1317 lacessere.
266 1252 324 1316 sed
339 1251 484 1333 meridie,
509 1274 581 1316 cum
599 1251 716 1316 Caesar
739 1259 804 1316 tres
821 1253 967 1336 legiones
989 1274 1001 1312 a

56 1365 154 1440 atquc
176 1376 304 1420 omnem
328 1356 502 1438 equitatum
527 1376 598 1418 cum
618 1354 653 1418 Ο.
674 1355 835 1419 Trebonio
858 1355 966 1438 legato

56 1459 214 1540 misisset,
252 1465 385 1541 repente
416 1478 457 1522 ex
488 1458 634 1522 omnibus
663 1459 806 1541 partibus
838 1458 968 1522 advola-

56 1569 182 1627 vemnt.
227 1562 329 1625 nostri
358 1546 472 1624 acriter
500 1563 709 1644 reppulerunt
737 1581 841 1644 neque
870 1561 1001 1625 finems

57 1664 217 1749 sequendi
240 1664 399 1729 lecerunt:
423 1664 572 1728 ¹subsidio
598 1666 708 1728 confisi
732 1666 854 1747 equites
876 1684 1001 1747 prae-4

57 1771 174 1853 cipites
202 1769 312 1832 hostes
342 1774 477 1851 egerunt
500 1788 616 1851 magno
643 1788 776 1831 numero
800 1767 967 1831 interfecto

55 1892 162 1955 neque
186 1872 235 1934 sui
251 1871 422 1954 colligendi
444 1872 629 1935 facultatem
646 1871 812 1934 dederunt.
852 1891 893 1933 ex
907 1872 968 1934 hac
989 1890 1000 1926 ε

55 1975 136 2058 fuga
158 1973 312 2056 protinus,
335 1995 416 2056 quae
439 1973 579 2058 undique
600 1980 824 2053 convenerant,
848 1975 967 2037 auxilia

56 2078 274 2141 discesserunt
296 2096 400 2158 neque
422 2082 496 2159 post
518 2076 552 2139 id
573 2083 700 2160 tempus
716 2096 867 2158 umquam
883 2097 967 2139 sum·

55 2181 118 2244 mis
141 2179 308 2243 nobiscum
332 2180 432 2262 copiis
455 2181 564 2244 hostes
588 2181 829 2245 contenderunt.

121 2281 250 2346 XVIII.
290 2282 407 2347 Caesar
444 2285 571 2366 cognito
611 2284 743 2348 consilio
783 2303 893 2346 eorum
925 2283 998 2346 adr

55 2386 220 2451 Tamesim
242 2386 276 2447 in
297 2383 376 2447 fines
401 2384 632 2449 Cassivellauni
655 2386 831 2449 exercitum
864 2384 965 2447 duxit.

57 2510 121 2573 quo
143 2489 263 2552 flumen
285 2508 349 2551 uno
374 2487 502 2552 omnino
525 2489 597 2552 loco
616 2488 763 2571 pedibus,
787 2494 881 2571 atquc
904 2489 1000 2551 hoca

57 2611 166 2676 aegre,
188 2589 316 2654 transiri
334 2596 450 2672 potest,
467 2591 608 2654 animum
624 2590 761 2654 advertit
776 2590 816 2653 ad
833 2591 966 2654 alteram

56 2695 160 2777 ripam
192 2713 323 2775 magnas
355 2712 426 2756 esse
459 2694 566 2776 copias
606 2695 747 2757 hostium
786 2694 965 2758 instructas.

56 2798 128 2882 ripa
150 2802 259 2860 autem
282 2801 350 2858 erat
378 2796 479 2859 acutis
509 2796 639 2859 sudibus
667 2796 818 2879 praefixis
844 2797 998 2860 munitas

58 2900 266 2981 eiusdemque
296 2899 423 2982 generis
453 2899 577 2962 defixae
606 2901 735 2964 flumine
764 2899 964 2982 tegebantur.

60 3003 179 3068 Caesar
213 3002 390 3086 praemisso
431 3005 573 3086 equitatu
613 3002 780 3066 confestim
819 3002 997 3083 legionesr

59 3105 210 3189 subsequi
231 3104 332 3168 iussit.
378 3105 435 3168 sed
465 3126 504 3168 ea
533 3106 695 3169 celeritate
725 3111 820 3187 atquc
842 3105 998 3187 impetus

59 3209 177 3271 milites
198 3207 314 3288 ierunt,
338 3228 410 3272 cum
431 3209 535 3290 capite
552 3208 621 3272 solo
638 3229 679 3270 ex
695 3227 776 3291 aqua
793 3213 964 3286 exstarent,

59 3316 92 3373 ut
122 3310 235 3373 hostes
264 3308 350 3391 ripas
382 3308 579 3372 dimitterent
610 3331 647 3372 ao
678 3330 712 3372 se
744 3310 838 3392 fugae
876 3331 965 3372 man-

61 3411 181 3475 darent.
