2332 3892
466 217 543 266 VIII.
570 217 682 267 28-30.
970 215 1033 276 223

114 396 185 454 toto
220 389 349 472 agmine
380 389 590 453 subsistentes
623 389 782 473 equitibus
812 388 919 451 ferunt
942 388 1033 449 auxi·

113 495 204 576 lium,
228 494 265 556 fit
287 493 449 577 proelium
473 494 538 557 acri
555 495 739 557 certamine.
777 512 915 576 namque
933 493 1035 555 nostri
1057 511 1071 548 4

116 597 314 680 contemptis
336 597 440 681 pridie
461 598 682 682 superatisque
699 596 845 660 hostibus
861 602 894 659 et
908 595 1033 680 pudore

117 700 259 766 cedendi
289 707 322 764 et
352 701 528 785 cupiditate
557 722 616 786 per
644 723 679 765 se
707 699 897 766 conficiendi
919 699 1035 784 proelii

116 805 291 870 fortissime
315 805 574 890 proeliabantur,
597 805 772 888 hostesque
797 805 876 867 nihil
899 803 1035 887 amplius
1058 821 1072 858 ⁵

118 911 287 994 copiarum
303 930 507 972 accessurum
523 909 702 989 credentes,
728 907 858 971 delendi
874 908 1035 992 equitatus

117 1014 221 1079 nostri
243 1014 352 1076 nancti
375 1013 578 1077 occasionem
600 1012 802 1076 videbantur.

156 1118 310 1182 ·XXIX.
347 1117 497 1202 Repente
527 1117 690 1181 confertae
721 1118 868 1200 legiones
900 1116 934 1178 in
958 1136 1034 1178 con·
1060 1142 1071 1179 1

116 1229 266 1308 spectum
297 1223 440 1287 veniunt.
495 1223 609 1307 quibus
646 1223 722 1286 visis
761 1222 926 1306 perculsae
962 1223 1071 1286 bar-a

115 1327 270 1390 barorum
300 1331 425 1391 turmae
457 1348 493 1390 ac
522 1329 692 1411 perterrita
715 1327 816 1392 acies:
846 1327 1033 1411 perturbato

117 1431 259 1516 agmine,
283 1431 423 1496 clamore
448 1431 657 1516 discursuque
672 1453 803 1516 passum
825 1431 920 1514 fugae
945 1453 1035 1494 man·
1063 1478 1067 1494 ,

118 1536 209 1601 dant.
260 1542 292 1599 at
320 1536 422 1599 nostri
460 1535 602 1619 equites,
636 1536 689 1620 qui
720 1535 817 1619 paulo
857 1541 931 1600 ante
963 1557 1071 1599 cums

118 1639 343 1704 resistentibus
365 1639 537 1704 fortissime
554 1640 773 1721 conflixerant,
796 1641 918 1703 laetitia
933 1640 1035 1703 ricto-

117 1743 186 1807 riae
211 1742 289 1806 elati
310 1763 427 1825 magno
452 1743 594 1828 undique
618 1745 758 1808 clamore
775 1743 900 1807 sublato
918 1744 1035 1809 ceden-

119 1845 204 1909 tibus
229 1846 421 1928 circumfusi,
444 1854 597 1932 quantum
622 1868 777 1932 equorum
793 1849 877 1912 vires
898 1848 940 1912 ad
962 1870 1036 1933 per·

119 1947 321 2032 sequendum
358 1949 557 2035 dextraeque
596 1951 636 2014 ad
676 1951 876 2016 caedendum
917 1953 1035 2035 valent,

120 2059 249 2118 tantum
276 2053 480 2119 interficiunt.
530 2055 638 2140 itaque
670 2056 807 2140 amplius
836 2056 964 2120 milibus
994 2080 1072 2119 xus

120 2163 318 2221 armatorum
341 2163 396 2220 aut
420 2178 541 2240 eorum,
565 2160 619 2243 qui
638 2160 753 2224 timore
778 2181 867 2223 arma
889 2160 1035 2245 proiece-

119 2266 208 2342 rant,
238 2259 415 2324 interfectis
445 2263 548 2325 omnis
577 2264 750 2327 multitudo
788 2265 912 2349 capitur
945 2265 1035 2349 inpe-

123 2364 350 2430 dimentorum.

184 2469 296 2532 XXX.
330 2469 401 2543 Qua
417 2491 459 2534 ex
474 2470 550 2555 fuga
565 2492 637 2534 cum
657 2477 820 2534 constaret
834 2471 1037 2556 Drappetem
1060 2493 1071 2530 1

122 2573 296 2654 Senonem,
320 2575 383 2658 qui,
412 2581 447 2638 ut
469 2577 608 2660 primum
633 2574 796 2640 defecerat
820 2576 940 2658 Gallia,
971 2577 1037 2640 col-

122 2677 213 2742 lectis
237 2677 381 2762 undique
398 2679 533 2763 perditis
549 2681 742 2762 hominibus,
767 2682 867 2745 servis
884 2681 925 2745 ad
939 2682 1037 2746 liber-

123 2787 224 2846 tatem
240 2784 373 2864 vocatis,
397 2784 561 2848 exsulibus
578 2785 721 2848 omnium
738 2785 903 2848 civitatum
920 2786 1036 2867 ascitis,

124 2885 261 2970 receptis
292 2886 470 2950 latronibus
507 2887 728 2972 inpedimenta
766 2897 799 2952 et
839 2895 1037 2953 commeatus

125 2987 344 3053 Romanorum
368 2991 600 3076 interceperat,
623 3015 689 3058 non
712 2994 847 3077 amplius
870 2995 1037 3057 hominurn

126 3117 141 3154 v
161 3093 293 3158 milibus
317 3095 462 3159 collectis
476 3097 675 3180 provinciam
691 3102 804 3182 petere
821 3118 947 3181 unaque
964 3118 1038 3161 cum

128 3218 164 3261 eo
185 3198 374 3262 Lucterium
399 3198 598 3283 Cadurcum,
628 3223 725 3286 quem
754 3204 921 3286 superiore
949 3223 1036 3273 eom,-

130 3301 281 3365 mentario
306 3302 446 3367 voluisse
471 3305 634 3387 cognitum
660 3314 717 3387 est,
742 3305 893 3369 Caninius
912 3307 1037 3390 legatus
1060 3331 1072 3369 a

131 3422 196 3468 curn
217 3430 240 3468 11
262 3403 445 3488 legionibus
469 3406 509 3469 ad
526 3427 582 3470 eos
598 3409 841 3492 persequendos
859 3410 1036 3474 contendit.

802 3511 880 3564 rar*r
