2332 3892
167 232 230 293 224
517 230 595 280 vm.
623 231 735 281 ar-aa.

130 429 141 466 1
231 402 358 466 XXXI.
394 403 430 467 C.
461 403 580 466 Fabius
611 424 683 466 cum
712 403 838 487 reliquo
871 403 1018 467 exercitu
1045 402 1070 464 ir

167 505 324 572 Carnutes
340 514 527 592 ceterasque
545 508 756 593 proficiscitur
772 507 930 592 civitates,
947 528 1070 593 quarum

128 637 140 674 a
164 614 273 697 copias
296 634 367 678 esse
391 613 511 676 accisas
535 614 673 678 sciebat:
705 633 770 675 non
794 612 881 675 enim
905 612 1071 692 dubitabat,

163 717 239 799 quin
255 717 378 781 recenti
394 718 574 783 calamitate
587 717 812 781 submissiores
825 722 936 782 essent
945 717 1071 796 futurae,

164 820 238 884 dato
268 842 346 885 vero
377 822 480 906 spatio
514 843 551 886 ac
581 827 728 906 tempore
760 820 880 885 eodem
908 821 1071 905 instigante

126 926 332 990 sDumnaco
362 931 496 1010 possent
525 925 689 989 concitari.
734 945 797 1009 qua
828 924 862 987 in
892 945 929 988 ra
958 944 1072 987 summa

161 1029 297 1093 felicitas
329 1031 541 1114 celeritasque
572 1029 710 1093 Fabium
740 1029 962 1113 consequitur.
1008 1048 1071 1091 nan

163 1133 331 1216 Carnutes,
355 1134 409 1219 qui
432 1155 528 1219 saepe
551 1136 661 1199 vexati
684 1155 858 1217 numquam
880 1135 972 1218 pacis
995 1132 1070 1197 fece·

160 1244 232 1302 rant
255 1239 469 1321 mentionem,
500 1238 582 1302 datis
615 1237 780 1302 obsidibus
808 1237 945 1300 veniunt
966 1238 1000 1299 in
1024 1236 1069 1300 de·

124 1371 136 1408 1
162 1343 318 1407 ditionem
350 1349 542 1428 ceteraeque
573 1344 719 1408 civitates
750 1342 875 1426 positae
899 1343 934 1404 in
956 1340 1068 1404 ultimis

162 1447 285 1512 Galliae
317 1447 448 1530 finibus,
482 1448 612 1512 Oceano
639 1449 849 1529 coniunctae,
879 1468 965 1532 quae
995 1445 1069 1510 Are·

159 1552 300 1615 moricae
326 1552 536 1637 appellantur,
561 1553 752 1616 auctoritate
776 1551 939 1617 adductae
957 1551 1069 1616 Carnu·

159 1661 228 1719 tum
260 1655 402 1719 adventu
432 1656 526 1720 Fabii
557 1656 787 1740 legionumque
817 1657 981 1741 imperata
1010 1657 1068 1720 sine

124 1780 251 1823 amora
283 1759 411 1823 faciunt.
457 1760 645 1824 Dumnacus
676 1762 743 1824 suis
773 1760 889 1824 finibus
924 1761 1067 1846 expulsus

160 1885 269 1928 errans
292 1865 483 1949 latitansque
501 1866 588 1928 solus
604 1871 767 1930 extremas
784 1864 911 1929 Galliae
927 1866 1067 1948 regiones

159 1973 283 2050 petere.

124 2098 135 2136 1
223 2073 368 2137 XXXII.
404 2073 450 2137 At
472 2074 622 2159 Drappes
645 2096 772 2159 unaque
795 2073 980 2156 Lucterius,
1004 2093 1063 2137 cun

158 2181 305 2262 legiones
337 2178 570 2262 Caniniumque
601 2178 715 2243 adesse
748 2184 987 2262 cognoscerent
1016 2193 1066 2239 nec

158 2305 191 2347 se
216 2285 283 2347 sine
307 2288 396 2347 certa
424 2283 566 2367 pernicie
595 2287 813 2368 persequente
847 2283 997 2346 exercitu
1018 2301 1066 2366 pu·

156 2393 262 2451 tarent
284 2387 469 2471 provinciae
493 2386 572 2450 fines
599 2387 719 2450 intrare
742 2407 854 2471 posse,
885 2387 1066 2450 consistunt.

122 2521 134 2560 2
155 2490 327 2554 Lucterius
350 2489 437 2574 apud
460 2511 535 2553 suos
558 2490 645 2555 cives
669 2512 741 2554 cum
761 2491 927 2576 quondam
941 2489 1067 2575 integris

155 2593 253 2656 rebus
276 2593 413 2656 multum
440 2593 599 2677 potuisset
628 2615 757 2678 semper
780 2599 892 2658 auctor
915 2614 1067 2660 novorum

157 2696 384 2779 consiliorum,
424 2698 579 2783 oppidum
616 2697 881 2781 Uxellodunum,
920 2699 1010 2784 quod
1040 2689 1067 2761 in

156 2802 307 2866 clientela
329 2801 435 2865 fuerat
459 2803 543 2884 eius,
573 2803 706 2887 egregie
730 2804 907 2888 munitum,
940 2805 1067 2889 occupat

155 2907 221 2969 suis
246 2910 278 2969 et
300 2903 476 2990 Drappetis
505 2907 605 2991 copiis
637 2893 881 2992 oppidanosque
913 2909 975 2972 sibi
999 2927 1066 2973 con·

155 3012 269 3096 iungit.

120 3144 131 3182 1
220 3114 383 3180 XXXIII.
428 3115 499 3190 Quo
533 3137 606 3180 cum
644 3115 813 3181 confestim
848 3115 884 3180 C.
922 3115 1065 3180 Caninius

154 3221 296 3285 venisset
306 3221 447 3285 animum
457 3220 707 3305 adverteretque
719 3242 831 3285 omnes
842 3221 956 3305 oppidi
966 3227 1065 3306 partes

154 3325 424 3408 praemptissimis
447 3325 533 3388 saxis
556 3345 627 3389 csse
651 3325 799 3407 munitas,
822 3345 942 3408 magna
964 3333 1064 3390 autem

154 3427 375 3513 inpedimenta
415 3429 650 3514 oppidanorum
689 3429 833 3513 effugere
868 3449 936 3493 non
974 3428 1062 3494 modo
