2332 3892
117 225 158 286 54
485 225 519 277 11.
549 228 661 277 24-26.

82 416 94 453 ⁶
118 397 295 482 desperatis
308 357 569 497 nostrieblomum
588 396 839 479 contenderunt3
859 399 1026 463 Romanos

115 493 250 668 pulsosp,
278 502 389 565 castris
426 486 873 612 impedimentisquelhostes
905 506 1027 588 potitos

95 597 107 655 l
115 626 216 669 renun
245 611 389 670 averunt.

92 663 123 723 k.
597 710 603 722 .
766 710 773 724 .
822 712 829 726 .

81 731 93 770 1
173 709 282 773 XXV.
317 708 436 772 Caesar
464 710 503 772 ab
535 709 678 773 decrmae
709 711 847 793 legionis
877 712 1026 777 cohorta-

114 814 203 877 tione
226 812 267 875 ad
284 812 433 876 dextrum
450 832 549 877 cornu
560 814 734 896 profectus,
757 814 812 877 ubi
828 835 902 877 suos
918 816 1026 899 urgeri

115 917 277 1000 signisque
308 915 341 977 in
374 937 474 979 unum
502 916 610 980 locum
645 917 779 980 conlatis
812 942 854 981 xn
886 919 1026 1003 legionis

114 1018 275 1083 confertos
290 1019 409 1082 milites
425 1019 485 1082 sibi
501 1013 670 1110 ipsoslesse
686 1019 918 1104 impedimento
934 1023 1024 1108 vidit,

115 1129 245 1206 quartae
283 1120 423 1184 cohortis
460 1121 607 1185 omnibus
640 1123 879 1187 centurionibus
913 1127 1025 1190 occisis

113 1208 348 1317 signiferoqued¹
363 1223 454 1307 signo
479 1225 605 1307 amisso,
627 1226 822 1310 reliquarum
843 1228 1024 1293 cohortium

114 1328 262 1392 omnibus
294 1310 362 1391 fere
397 1328 635 1392 centurionibus
671 1337 726 1393 aut
762 1331 938 1397 vulneratis
971 1342 1024 1397 aut

114 1432 235 1513 occisis,
258 1432 291 1493 in
313 1431 362 1494 his
384 1432 547 1516 primipilo
572 1432 609 1496 P.
626 1432 737 1497 Sextio
761 1433 893 1516 Baculo,
916 1436 1022 1501 fortis·

113 1538 193 1600 simo
209 1537 289 1615 viro,
313 1536 420 1599 multis
436 1536 649 1623 gravibusque
666 1539 850 1602 vulneribus
865 1542 1022 1623 confecto,

113 1648 148 1703 ut
178 1642 241 1703 iam
274 1661 308 1704 se
334 1641 491 1704 sustinere
522 1662 587 1704 non
618 1647 746 1725 posset,
780 1643 921 1727 reliquos
952 1665 1022 1707 esse

112 1746 271 1809 tardiores
305 1751 338 1808 et
375 1744 547 1807 nonnullos
581 1745 619 1808 ab
654 1745 833 1808 novissimis
866 1745 907 1810 de
939 1749 1022 1810 serio

83 1877 85 1880 ·
112 1848 236 1933 proelio
271 1846 429 1911 excedere
462 1868 498 1911 ac
529 1848 596 1910 tela
626 1847 744 1929 vitare,
777 1849 887 1913 hostes
916 1870 1021 1932 neque

111 1955 249 2017 frontem
283 1953 456 2026 subeuntes
496 1951 707 2015 intermittere
747 1958 780 2015 et
811 1953 849 2015 ab
884 1959 1022 2038 utroque
1096 2037 1097 2041 Ἰ

112 2057 212 2120 latere
236 2057 353 2120 instare
378 2061 410 2120 et
428 2077 495 2120 rem
513 2077 583 2119 esse
599 2057 632 2118 in
648 2030 904 2152 angustolneque
921 2057 1021 2120 ullum
1063 2050 1097 2128 Ψ)

78 2176 90 2216 2
113 2182 184 2224 esse
207 2159 410 2252 subsidium3
424 2165 513 2223 scuto
537 2158 578 2222 ab
600 2159 781 2222 novissimis
800 2144 1020 2248 ‘uuidetracto
1033 2145 1063 2241 l

111 2265 144 2326 in
166 2265 303 2347 primam
325 2264 427 2326 aciem
449 2263 607 2346 processit
637 2245 938 2346 centurionibusque
962 2285 1020 2327 no·

111 2369 256 2430 minatim
293 2367 460 2450 appellatis
504 2367 646 2449 reliquos
685 2366 869 2429 cohortatus
904 2367 1021 2431 milites

112 2472 205 2554 signa
237 2470 354 2532 inferre
388 2475 422 2532 et
455 2469 635 2551 manipulos
668 2468 779 2532 laxare
815 2468 925 2550 iussit,
957 2490 1019 2552 quo

77 2574 233 2638 sfacilius
261 2574 376 2656 gladiis
405 2573 452 2635 uti
481 2578 623 2656 possent.
667 2572 756 2635 cuius
788 2571 929 2635 adventu
963 2593 1019 2656 spe

110 2677 209 2740 inlata
232 2676 383 2739 militibus
407 2696 443 2737 ac
466 2674 686 2757 redintegrato
711 2675 833 2756 animo,
866 2696 937 2738 cum
961 2697 1018 2759 pro

111 2803 145 2845 se
178 2782 312 2865 quisque
346 2781 379 2842 in
417 2784 592 2863 conspectu
622 2779 825 2863 imperatoris
859 2780 957 2842 etiam
988 2782 1019 2844 in

112 2884 265 2946 extremis
288 2884 352 2945 suis
374 2882 470 2946 rebus
494 2904 626 2968 operam
641 2904 758 2946 navare
776 2889 917 2966 cuperet,
941 2905 1018 2966 pau-

110 2989 176 3051 lum
198 2987 339 3050 hostium
362 2987 500 3070 impetus
523 2986 667 3050 tardatus
690 2991 749 3050 est.

76 3121 88 3160 1
175 3088 301 3154 XXVI.
336 3089 455 3153 Caesar
471 3111 543 3152 cum
559 3089 729 3173 septimam
747 3089 921 3170 legionem,
938 3110 1019 3172 quae

106 3193 200 3254 iuxta
223 3191 426 3274 constiterat,
457 3193 535 3256 item
563 3175 844 3299 mgeripvidieset,
874 3192 1019 3256 tribunos

108 3295 247 3369 militum
270 3296 410 3376 monuit,
441 3300 476 3357 ut
506 3295 659 3379 paulatim
683 3298 772 3363 sesel
787 3296 1020 3378 coniungerent

76 3403 143 3468 set
158 3417 313 3460 conversa
335 3387 432 3479 signal
448 3396 611 3461 inferrent.
649 3419 711 3480 quo
735 3376 819 3460 facto
844 3418 915 3461 cum
939 3399 1019 3461 alius

425 3450 454 3536 l
