2332 3892
158 243 161 248 -
190 205 244 279 ’64
569 217 619 266 111.
648 217 724 266 s—o.

202 407 282 473 quos
312 393 423 452 tenent
445 388 523 472 ipsi,
554 409 666 451 omnes
695 389 779 470 fere,
811 388 865 473 qui
896 386 1038 452 comari
1068 385 1115 450 uti

167 513 178 550 a
201 497 405 573 consuerunt,
428 491 548 555 habent
571 491 756 574 vectigales.
797 491 836 555 ab
860 491 908 554 his
930 491 966 554 fit
988 491 1114 554 initium

200 595 360 658 retinendi
383 592 451 658 Silii
475 600 569 677 atque
592 593 730 674 Velanii,
764 594 850 679 quod
873 616 931 679 per
955 614 1012 658 eos
1037 613 1113 657 suos

201 718 235 761 se
261 696 404 777 obsides,
428 717 508 780 quos
533 696 647 760 Crasso
673 697 854 780 dedissent,
877 697 1114 782 reciperaturos

167 799 438 863 scxistimabant.
477 799 592 862 horum
616 802 806 868 auctoritate
830 800 955 864 finitimi
970 800 1111 882 adducti,

201 909 236 966 ut
268 910 340 966 sunt
372 902 539 965 Gallorum
571 903 675 968 subita
706 910 739 968 et
770 905 937 988 repentina
968 905 1111 986 consilia,

203 1005 316 1069 eadem
334 1005 374 1069 dc
391 1026 486 1068 causa
500 1005 652 1070 Trebium
667 1006 948 1092 Terrasidiumque
971 1009 1112 1074 retinent

202 1115 234 1172 et
257 1110 340 1172 inter
363 1129 397 1172 se
422 1110 588 1172 coniurant
610 1109 689 1171 nihil
712 1111 773 1173 nisi
797 1111 959 1174 communi
976 1112 1110 1175 consilio

201 1219 328 1275 acturos
357 1212 558 1297 eundemque
584 1232 694 1277 omncs
722 1213 869 1277 fortunae
894 1215 1016 1278 exitum
1040 1235 1111 1279 csse

167 1341 180 1376 ι
202 1316 322 1379 laturos
344 1316 546 1400 reliquasque
569 1315 713 1380 civitates
737 1316 925 1398 sollicitant,
957 1318 1049 1380 utin
1073 1339 1113 1382 ea

200 1420 358 1500 libertate,
376 1440 470 1503 quarn
486 1419 688 1482 amaioribus
704 1420 896 1502 acceperint,
919 1440 1111 1503 permanere

202 1544 296 1606 quam
328 1521 548 1585 Romanorum
582 1523 769 1586 servitutem
805 1523 949 1607 perferre
987 1524 1110 1586 malint.

167 1648 179 1686 s
198 1627 289 1700 omni
313 1646 370 1688 ora
385 1625 543 1688 maritima
566 1625 607 1688 ad
629 1646 718 1689 suam
741 1626 932 1690 sententiam
953 1627 1114 1711 perducta

202 1749 404 1793 communem
433 1729 629 1812 legationem
658 1730 699 1793 ad
721 1730 758 1794 P.
784 1730 932 1795 Crassum
963 1731 1110 1795 mittunt:

200 1834 238 1916 ,si
261 1833 339 1896 velit
362 1854 447 1915 suos,
473 1833 600 1898 obsides
624 1832 785 1898 remittat.‘

166 1972 176 2010 1
266 1935 325 1999 IX.
359 1935 479 2008 Quibus
497 1936 537 2000 de
553 1936 647 2000 rebus
666 1936 783 2000 Caesar
802 1937 842 2000 ab
860 1937 974 2001 Crasso
992 1940 1111 2003 certior

200 2040 318 2123 factus,
348 2040 435 2124 quod
457 2040 525 2124 ipse
549 2040 660 2103 aberat
681 2039 826 2123 longius,
858 2061 955 2104 naves
978 2043 1107 2107 iuterim

109 2172 111 2177 ’
200 2147 313 2228 longas
336 2144 495 2208 aedificari
524 2143 556 2205 in
578 2143 707 2206 flumine
730 2143 864 2226 Ligere,
896 2144 982 2229 quod
1006 2146 1110 2209 influit

200 2249 232 2311 in
249 2248 424 2328 Oceanum,
448 2245 597 2328 remiges
608 2267 650 2309 ex
665 2246 837 2329 provincia,
861 2244 973 2310 nautas
989 2247 1108 2330 guber-

166 2385 178 2423 2
200 2357 394 2434 naturasque
418 2350 595 2432 comparari
627 2349 724 2414 iubet.
769 2349 819 2413 his
841 2351 937 2414 rebus
960 2350 1109 2415 celeriter

201 2452 427 2517 administratis
450 2452 527 2535 ipse,
552 2472 623 2515 cum
646 2452 784 2535 primum
806 2473 864 2536 per
886 2452 960 2516 anni
980 2459 1108 2538 tempus

165 2591 185 2630 a
199 2557 312 2641 potuit,
336 2555 376 2618 ad
401 2555 578 2618 exercitum
596 2554 770 2618 contendit.
808 2555 926 2620 Veneti
948 2558 1106 2643 reliquae-

200 2681 261 2744 que
284 2660 363 2723 item
386 2657 532 2721 civitates
549 2657 695 2721 Caesaris
719 2659 868 2741 adventu,
891 2660 985 2723 simul
1009 2660 1107 2743 quod,

199 2763 405 2847 quantumin
429 2783 463 2825 se
486 2762 607 2825 facinus
631 2761 842 2845 admisissent,
874 2763 1107 2847 intellegebant

200 2866 364 2949 (legatos,
395 2864 481 2949 quod
514 2886 633 2928 nomen
665 2865 706 2928 ad
730 2880 840 2937 omnes
862 2866 1010 2929 nationes
1033 2887 1106 2930 san·

200 2976 286 3034 ctum
314 2970 566 3053 inviolatumque
589 2990 716 3053 semper
739 2969 867 3050 fuisset,
899 2973 1042 3032 retentos
1065 2969 1104 3032 ab

199 3096 234 3140 se
272 3079 304 3136 et
340 3072 373 3136 in
406 3074 510 3137 vincla
546 3073 750 3155 coniectos‘),
787 3094 847 3157 pro
885 3071 1105 3156 magnitudino

199 3176 332 3261 periculi
360 3176 479 3240 bellum
509 3197 621 3260 parare
654 3183 687 3240 et
708 3177 846 3239 maxime
871 3196 925 3258 ea,
958 3196 1040 3260 quac
1063 3176 1104 3240 ad

199 3302 290 3344 usum
319 3281 447 3343 navium
481 3282 657 3364 pertinent,
688 3279 858 3365 providere
890 3279 952 3342 hoc
982 3282 1104 3344 maiore

164 3415 177 3452 4
199 3403 266 3466 spe,
290 3381 375 3466 quod
389 3382 523 3446 multum
540 3389 653 3446 natura
668 3383 731 3446 loci
745 3381 957 3446 confidebant.
992 3382 1104 3466 ,pede-
