2332 3892
494 240 543 291 VI.
571 214 659 292 u-ss
806 180 809 189 Ι
990 247 1052 310 135

124 386 192 449 lius
214 385 361 449 hostibus
385 385 441 449 det
463 386 689 470 suspicionem,
713 388 833 454 maiore
857 391 991 475 strepitu
1008 399 1058 477 11

128 490 270 554 tumultu
308 509 403 574 quam
443 489 503 553 fert
545 491 741 556 consuetudo
774 500 877 557 castra
915 496 1040 560 moveri

125 595 230 658 iubet.
274 593 355 656 haec
385 612 512 676 quoque
542 600 616 656 ante
645 594 751 658 lucem
779 596 821 660 ad
850 598 1074 664 1111111111

126 698 285 762 feruntur.
1022 716 1023 719 ¹

193 800 290 866 VIII.
322 799 390 864 Vix
411 821 528 885 agmen
549 800 758 866 novissimum
783 808 874 867 extra
889 805 1039 870 munitio·
1060 828 1073 868 1

127 928 188 972 111
210 894 421 991 processerat,
445 925 518 968 eum
542 904 627 969 Galli
651 906 809 970 cohortati
830 907 914 971 inter
929 929 974 990 se,
996 929 1038 973 ne

128 1015 292 1095 speratam
314 1006 467 1091 praedam
489 1027 533 1070 ex
554 1007 700 1071 manibus
724 1007 922 1074 dimitterent
944 1010 1040 1094 (,lon·

131 1134 209 1198 gum
238 1132 307 1176 esse
335 1109 512 1195 perterritis
534 1109 689 1174 Romanis
718 1119 906 1195 exspectare
932 1135 1038 1199 neque

131 1239 223 1282 suam
244 1214 312 1300 pati
334 1213 539 1297 dignitatem,
568 1219 603 1276 ut
632 1214 728 1277 tantis
757 1215 859 1299 copiis
881 1223 948 1282 tam
971 1220 1039 1283 exi·

128 1342 229 1406 guam
257 1337 403 1398 manum,
436 1316 626 1400 praesertim
661 1315 839 1400 fugientem
867 1326 962 1404 atque
991 1322 1039 1386 in·

128 1423 274 1508 peditam
296 1420 415 1511 adoriri
436 1442 502 1484 non
524 1418 687 1501 audeant‘)
709 1423 828 1488 flumen
850 1426 985 1489 transire
1006 1433 1040 1490 et

128 1529 240 1612 'iniquo
268 1525 342 1589 loeo
371 1524 569 1588 committere
599 1524 758 1607 proelium
787 1545 852 1590 non
881 1524 1037 1592 dubitant.

127 1650 212 1716 quae
239 1629 309 1694 lore
338 1627 515 1710 suspicatus
543 1625 720 1712 Labienus,
754 1635 791 1691 ut
820 1650 930 1694 omnes
960 1629 1076 1704 citra,

125 1735 249 1798 ilumen
270 1731 417 1812 eliceret,
447 1729 561 1794 eadem
589 1751 666 1793 usus
689 1730 892 1796 simulatione
914 1733 1038 1798 itineris

126 1835 255 1922 placide
276 1833 552 1919 progrediebatur.
596 1839 666 1896 tum
693 1834 877 1918 praemissis
905 1837 1073 1920 pauluma

128 1938 357 2025 inpedimentis
379 1944 475 2021 atque
496 1937 531 2001 in
551 1936 675 2001 tumulo
698 1937 837 2021 quodam
862 1939 1038 2005 conlocatis

126 2039 274 2126 ,habetis‘
289 2041 392 2125 inquit
414 2039 552 2122 ,milites,
573 2059 669 2123 quam
683 2039 821 2123 petistis,
837 2040 1036 2123 facultatem

124 2153 289 2234 praestate
312 2145 449 2210 eandem
469 2145 563 2210 nobis
587 2145 720 2209 ducibus
742 2147 910 2227 virtutem,
940 2165 1072 2229 quami

126 2271 359 2337 saepenumero
378 2249 565 2333 imperatori
577 2248 799 2333 praestitistis:
817 2248 940 2329 adesse,
955 2248 1037 2312 haec
1096 2262 1099 2269 ’

126 2361 236 2422 coram
258 2373 388 2420 cernere
411 2349 616 2416 existimate}
660 2350 754 2415 simul
777 2351 869 2434 signa
892 2352 1071 2419 convertis

126 2460 293 2542 aciemque
316 2453 411 2538 dirigi
432 2454 522 2518 iubet
544 2460 576 2519 et
597 2454 708 2538 paucis
729 2455 843 2518 turmis
872 2454 1034 2538 praesidio
1055 2516 1060 2541 .=

124 2561 167 2626 ad
188 2558 410 2645 inpedimenta
432 2555 570 2620 dimissis
592 2557 733 2641 reliquos
766 2557 889 2640 equites
919 2556 961 2620 ad
989 2558 1036 2622 la·

124 2671 195 2728 tera
216 2662 368 2746 disponit.
414 2660 561 2724 celeriter
584 2660 723 2724 clamore
751 2659 877 2724 sublato
905 2660 972 2744 pila
1001 2662 1070 2734 inc

125 2767 237 2831 hostes
264 2764 438 2829 inmittunt.
482 2763 545 2842 illi,
574 2763 631 2827 ubi
659 2769 788 2847 praeter
817 2782 924 2847 spem,
953 2783 1033 2848 quos

125 2869 237 2953 fugere
260 2866 448 2947 credebant,
477 2865 601 2929 infestis
631 2865 730 2950 signis
753 2864 851 2929 adse
874 2866 1036 2931 11111111-

125 2978 207 3052 runt,
229 2970 335 3055 primo
359 2989 515 3033 concursu
536 2969 571 3032 11
592 2968 701 3052 fugam
717 2967 854 3033 coniecti
868 2969 1033 3052 proximas

126 3074 220 3138 silvas
258 3072 429 3156 petierunt.
475 3092 554 3154 quos
585 3071 746 3135 Labienus
779 3072 921 3155 equitatu
958 3093 1068 3145 con-t

127 3183 262 3241 sectatus
285 3196 402 3260 magno
425 3195 559 3239 numero
586 3175 754 3239 interfecto
783 3175 878 3258 capit.
922 3178 1033 3258 paucis

126 3289 196 3364 post
220 3280 333 3344 diebus
357 3281 519 3358 Germani,
542 3280 597 3364 qui
619 3280 739 3344 auxilio
754 3279 936 3361 veniebant,
959 3300 1032 3364 per·

127 3391 217 3469 cepta
238 3380 452 3448 Treverorum
473 3383 550 3466 fuga
570 3403 643 3474 sese
665 3389 866 3466 receperunt,
896 3402 969 3445 cunr
991 3385 1031 3454 iis
1052 3408 1098 3448 s·
