2332 3892
488 242 535 293 IV.
565 243 676 293 24-26.
1001 241 1039 301 91

126 397 259 497 studio,
282 435 346 499 quo
375 416 409 479 in
437 415 642 500 pedestribus
676 415 807 499 proeliis
842 420 1042 493 consuerant,

125 520 310 583 utebantur.

190 622 300 687 XXV.
340 624 434 698 Quod
456 627 512 691 ubi
537 625 655 690 Caesar
678 624 919 705 animadvertit,
942 644 1041 687 naves
1064 643 1076 681 1

125 726 257 810 longas,
282 747 415 810 quarum
440 735 472 792 et
494 730 618 813 species
640 729 784 793 barbaris
806 728 987 792 inusitatior
1010 734 1043 791 et

127 837 234 894 motus
257 831 299 894 ad
322 853 416 895 usum
439 832 637 917 expeditior,
667 833 798 916 paulum
828 831 988 895 removeri
1012 838 1044 894 et

126 935 254 998 incitari
279 941 310 998 et
333 935 373 999 ad
395 938 480 1000 latus
503 942 650 1020 apertum
674 936 824 1000 constitui
847 942 943 1018 atque
966 933 1042 997 inde

126 1037 244 1118 fundis,
269 1039 403 1122 sagittis,
427 1041 595 1104 tormentis
619 1041 729 1104 hostes
751 1039 889 1122 propelli
912 1059 949 1101 ac
968 1038 1041 1101 sub·

129 1141 253 1206 moveri
282 1143 389 1222 iussit3
420 1139 502 1226 quae
531 1164 583 1207 res
612 1165 729 1227 magno
759 1143 831 1205 usui
853 1141 922 1205 fuit.
967 1159 1075 1204 name

115 1232 162 1307 'et
183 1244 315 1308 navium
337 1245 454 1329 figura,
484 1251 574 1310 motu
605 1253 637 1309 et
659 1247 809 1310 inusitato
833 1266 952 1329 genere
976 1252 1041 1310 tor·

130 1354 313 1412 mentorum
335 1350 474 1432 permoti
489 1349 615 1413 barbari
633 1350 843 1414 constiterunt
858 1371 896 1414 ac
910 1351 1041 1434 paulum

129 1451 228 1516 modo
252 1451 371 1535 pedem
393 1453 594 1516 rettulerunt.
631 1454 787 1517 militibus
811 1454 1041 1535 cunctantibus,
1063 1469 1075 1508 ³

129 1555 271 1618 maxime
294 1561 426 1639 propter
450 1553 652 1620 altitudinem
674 1558 788 1638 maris,
821 1558 874 1640 qui
897 1556 1041 1621 decimae

129 1659 268 1743 legionis
291 1659 430 1741 aquilam
452 1657 586 1742 ferebat,
609 1666 743 1724 testatus
767 1660 855 1742 deos,
879 1667 914 1724 ut
938 1682 976 1724 ea
990 1682 1042 1725 res

129 1763 252 1847 legioni
275 1762 410 1826 feliciter
432 1763 592 1827 eveniret:
625 1759 773 1844 ,desilite‘
796 1764 915 1846 inquit,
944 1785 1041 1845 ,com-

130 1868 304 1947 militones,
318 1867 380 1930 nisi
390 1867 488 1931 vultis
500 1867 639 1949 aquilam
648 1867 794 1930 hostibus
808 1866 962 1950 prodere:
980 1888 1041 1952 ego

132 1979 217 2037 certe
241 1992 350 2035 meum
365 1972 412 2035 rei
427 1972 575 2056 publicae
590 1978 685 2054 atque
700 1971 887 2054 imperatori
904 1971 1043 2035 officium

129 2071 344 2161 praestitero.‘
388 2076 450 2139 hoo
482 2096 553 2138 cum
576 2095 656 2138 voce
686 2095 803 2158 magna
825 2073 976 2155 dixisset,
1006 2096 1075 2138 sor

130 2181 276 2265 proiecit.
306 2185 374 2243 tum
396 2180 516 2244 hortati
530 2180 614 2243 inter
631 2199 674 2258 se,
698 2198 738 2242 ne
761 2183 885 2241 tantum
900 2178 1041 2242 dedecus
1063 2201 1074 2236 s

130 2283 368 2364 admitteretur,
398 2283 540 2348 universi
564 2282 771 2346 desiluerunt.
816 2281 876 2344 hos
898 2281 976 2344 item
1000 2301 1074 2345 exo

130 2387 287 2471 proximis
309 2387 460 2469 navibus,
492 2407 565 2450 cum
589 2387 847 2470 conspexissent,
880 2387 1043 2450 subsecuti

130 2490 279 2554 hostibus
306 2489 611 2573 adpropinquarunt.

193 2593 320 2657 XXVI.
365 2593 548 2677 Pugnatum
586 2600 634 2656 est
671 2593 710 2656 ab
742 2593 884 2675 utrisque
917 2595 1072 2662 acriter.1

130 2698 233 2762 nostri
255 2704 373 2779 tamen,
400 2696 485 2780 quod
508 2717 612 2779 neque
637 2695 764 2759 ordines
789 2717 915 2760 servare
937 2717 1042 2781 neque

130 2800 264 2864 firmiter
286 2800 434 2864 insistere
456 2819 560 2882 neque
591 2801 682 2883 signa
712 2799 863 2882 subsequi
894 2809 1043 2883 poterant

131 2910 226 2988 atque
260 2902 341 2965 alius
371 2902 434 2965 alia
465 2922 507 2964 ex
539 2902 629 2982 navi,
663 2901 913 2985 quibuscumque
943 2905 1043 2988 signis

133 3011 331 3085 occurrerat,
372 3023 406 3067 se
439 3004 651 3088 adgregabat,
690 3024 886 3086 magnopere
917 3013 1041 3088 pertur-

131 3110 304 3188 babantur,
327 3108 438 3171 hostes
461 3128 554 3188 vero,
577 3108 662 3171 notis
687 3109 833 3172 omnibus
856 3110 964 3192 vadis,
987 3113 1076 3184 ubis

133 3214 257 3298 aliquos
280 3212 457 3296 singulares
481 3210 684 3295 egredientes
713 3217 962 3294 conspexerant,
994 3215 1042 3278 in·

134 3317 238 3380 citatis
263 3315 354 3399 equis
371 3314 533 3398 inpeditos
557 3315 792 3396 adoriebantur,
815 3317 869 3378 alii
887 3317 927 3381 ab
942 3318 1042 3382 latere
1063 3351 1075 3389 ³

134 3425 245 3503 aperto
267 3417 301 3480 in
323 3418 490 3482 universos
512 3419 577 3481 tela
599 3417 809 3482 coniciebant.
855 3419 941 3501 quod
971 3441 1076 3491 cumr
