<?xml version="1.0" encoding="UTF-8"?>
<!DOCTYPE html PUBLIC "-//W3C//DTD XHTML 1.0 Transitional//EN"
    "http://www.w3.org/TR/xhtml1/DTD/xhtml1-transitional.dtd">
<html xmlns="http://www.w3.org/1999/xhtml" xml:lang="en" lang="en">
 <head>
  <title>
</title>
<meta http-equiv="Content-Type" content="text/html;charset=utf-8" />
  <meta name='ocr-system' content='tesseract 3.04.00' />
  <meta name='ocr-capabilities' content='ocr_page ocr_carea ocr_par ocr_line ocrx_word'/>
</head>
<body>
  <div class='ocr_page' id='page_1' title='image "./ciuliicaesarisc00gitlgoog_0355.png"; bbox 0 0 2332 3892; ppageno 0'>
   <div class='ocr_carea' id='block_1_1' title="bbox 482 177 1046 288">
    <p class='ocr_par' dir='ltr' id='par_1_1' title="bbox 482 177 1046 288">
     <span class='ocr_line' id='line_1_1' title="bbox 482 177 1046 288; baseline 0 -18"><span class='ocrx_word' id='word_1_1' title='bbox 482 177 560 270; x_wconf 75' lang='grc'><strong>1111.</strong></span> <span class='ocrx_word' id='word_1_2' title='bbox 587 220 699 270; x_wconf 80' lang='grc'><strong>14-11.</strong></span> <span class='ocrx_word' id='word_1_3' title='bbox 889 281 894 288; x_wconf 44' lang='grc'>,</span> <span class='ocrx_word' id='word_1_4' title='bbox 986 221 1046 282; x_wconf 79' lang='lat'>221</span> 
     </span>
    </p>
   </div>
   <div class='ocr_carea' id='block_1_2' title="bbox 124 390 1084 3496">
    <p class='ocr_par' dir='ltr' id='par_1_2' title="bbox 129 390 1084 1291">
     <span class='ocr_line' id='line_1_2' title="bbox 131 390 1048 476; baseline 0.001 -21"><span class='ocrx_word' id='word_1_5' title='bbox 131 392 237 456; x_wconf 89' lang='lat' dir='ltr'>lonias</span> <span class='ocrx_word' id='word_1_6' title='bbox 258 391 376 456; x_wconf 83' lang='lat' dir='ltr'>civium</span> <span class='ocrx_word' id='word_1_7' title='bbox 391 390 614 455; x_wconf 87' lang='lat' dir='ltr'>Romanorum</span> <span class='ocrx_word' id='word_1_8' title='bbox 629 392 776 475; x_wconf 91' lang='lat' dir='ltr'>tuendas,</span> <span class='ocrx_word' id='word_1_9' title='bbox 798 391 929 476; x_wconf 84' lang='lat' dir='ltr'>nequod</span> <span class='ocrx_word' id='word_1_10' title='bbox 945 393 1048 456; x_wconf 90' lang='lat' dir='ltr'>simile</span> 
     </span>
     <span class='ocr_line' id='line_1_3' title="bbox 132 497 1049 562; baseline 0 -2"><span class='ocrx_word' id='word_1_11' title='bbox 132 497 376 560; x_wconf 91' lang='lat' dir='ltr'>incommodum</span> <span class='ocrx_word' id='word_1_12' title='bbox 400 497 562 562; x_wconf 91' lang='lat' dir='ltr'>accideret</span> <span class='ocrx_word' id='word_1_13' title='bbox 582 497 771 562; x_wconf 76' lang='lat' dir='ltr'>decursione</span> <span class='ocrx_word' id='word_1_14' title='bbox 788 497 996 561; x_wconf 90' lang='lat' dir='ltr'>barbarorum</span> <span class='ocrx_word' id='word_1_15' title='bbox 1013 518 1049 560; x_wconf 91' lang='lat' dir='ltr'>ac</span> 
     </span>
     <span class='ocr_line' id='line_1_4' title="bbox 132 599 1084 686; baseline -0.005 -22"><span class='ocrx_word' id='word_1_16' title='bbox 132 600 300 685; x_wconf 81' lang='lat' dir='ltr'>superiore</span> <span class='ocrx_word' id='word_1_17' title='bbox 325 607 445 666; x_wconf 75' lang='lat' dir='ltr'>aestate</span> <span class='ocrx_word' id='word_1_18' title='bbox 469 601 676 685; x_wconf 88' lang='lat' dir='ltr'>Tergestinis.</span> <span class='ocrx_word' id='word_1_19' title='bbox 715 602 784 686; x_wconf 90' lang='lat' dir='ltr'>ipse</span> <span class='ocrx_word' id='word_1_20' title='bbox 809 601 849 664; x_wconf 89' lang='lat' dir='ltr'>ad</span> <span class='ocrx_word' id='word_1_21' title='bbox 873 601 953 664; x_wconf 90' lang='lat' dir='ltr'>fines</span> <span class='ocrx_word' id='word_1_22' title='bbox 968 599 1084 664; x_wconf 77' lang='lat' dir='ltr'>Am-4</span> 
     </span>
     <span class='ocr_line' id='line_1_5' title="bbox 131 704 1049 790; baseline 0.001 -22"><span class='ocrx_word' id='word_1_23' title='bbox 131 704 269 789; x_wconf 89' lang='lat' dir='ltr'>biorigis</span> <span class='ocrx_word' id='word_1_24' title='bbox 283 705 510 789; x_wconf 73' lang='lat' dir='ltr'>proficiscitur,</span> <span class='ocrx_word' id='word_1_25' title='bbox 527 728 622 790; x_wconf 91' lang='lat' dir='ltr'>quem</span> <span class='ocrx_word' id='word_1_26' title='bbox 638 707 844 790; x_wconf 88' lang='lat' dir='ltr'>perterritum</span> <span class='ocrx_word' id='word_1_27' title='bbox 860 727 931 769; x_wconf 92' lang='lat' dir='ltr'>oum</span> <span class='ocrx_word' id='word_1_28' title='bbox 944 705 1049 789; x_wconf 83' lang='lat' dir='ltr'>redigi</span> 
     </span>
     <span class='ocr_line' id='line_1_6' title="bbox 131 810 1048 894; baseline 0.002 -21"><span class='ocrx_word' id='word_1_29' title='bbox 131 830 228 894; x_wconf 89' lang='lat' dir='ltr'>posse</span> <span class='ocrx_word' id='word_1_30' title='bbox 251 810 286 872; x_wconf 92' lang='lat' dir='ltr'>in</span> <span class='ocrx_word' id='word_1_31' title='bbox 308 831 398 873; x_wconf 89' lang='lat' dir='ltr'>suam</span> <span class='ocrx_word' id='word_1_32' title='bbox 414 815 609 894; x_wconf 88' lang='lat' dir='ltr'>potestatem</span> <span class='ocrx_word' id='word_1_33' title='bbox 627 810 839 894; x_wconf 83' lang='lat' dir='ltr'>desperasset,</span> <span class='ocrx_word' id='word_1_34' title='bbox 862 810 1048 894; x_wconf 86' lang='lat' dir='ltr'>proximum</span> 
     </span>
     <span class='ocr_line' id='line_1_7' title="bbox 131 911 1047 999; baseline 0.001 -21"><span class='ocrx_word' id='word_1_35' title='bbox 131 935 208 978; x_wconf 90' lang='lat' dir='ltr'>suae</span> <span class='ocrx_word' id='word_1_36' title='bbox 226 913 391 999; x_wconf 88' lang='lat' dir='ltr'>dignitatis</span> <span class='ocrx_word' id='word_1_37' title='bbox 406 935 477 979; x_wconf 90' lang='lat' dir='ltr'>esse</span> <span class='ocrx_word' id='word_1_38' title='bbox 495 914 634 978; x_wconf 89' lang='lat' dir='ltr'>ducebat</span> <span class='ocrx_word' id='word_1_39' title='bbox 648 914 731 978; x_wconf 88' lang='lat' dir='ltr'>adeo</span> <span class='ocrx_word' id='word_1_40' title='bbox 748 914 827 978; x_wconf 89' lang='lat' dir='ltr'>fines</span> <span class='ocrx_word' id='word_1_41' title='bbox 844 911 912 979; x_wconf 93' lang='lat' dir='ltr'>eius</span> <span class='ocrx_word' id='word_1_42' title='bbox 922 921 1047 979; x_wconf 87' lang='lat' dir='ltr'>vastare</span> 
     </span>
     <span class='ocr_line' id='line_1_8' title="bbox 132 1017 1047 1103; baseline -0.001 -20"><span class='ocrx_word' id='word_1_43' title='bbox 132 1018 273 1101; x_wconf 85' lang='lat' dir='ltr'>civibus,</span> <span class='ocrx_word' id='word_1_44' title='bbox 304 1017 471 1100; x_wconf 87' lang='lat' dir='ltr'>aedificiis,</span> <span class='ocrx_word' id='word_1_45' title='bbox 493 1039 628 1103; x_wconf 89' lang='lat' dir='ltr'>pecore,</span> <span class='ocrx_word' id='word_1_46' title='bbox 652 1024 687 1083; x_wconf 93' lang='lat' dir='ltr'>ut</span> <span class='ocrx_word' id='word_1_47' title='bbox 713 1018 787 1082; x_wconf 85' lang='lat' dir='ltr'>odio</span> <span class='ocrx_word' id='word_1_48' title='bbox 812 1040 944 1082; x_wconf 90' lang='lat' dir='ltr'>suorum</span> <span class='ocrx_word' id='word_1_49' title='bbox 967 1019 1047 1083; x_wconf 86' lang='lat' dir='ltr'>Am·</span> 
     </span>
     <span class='ocr_line' id='line_1_9' title="bbox 129 1121 1047 1208; baseline 0 -22"><span class='ocrx_word' id='word_1_50' title='bbox 129 1122 246 1203; x_wconf 88' lang='lat' dir='ltr'>biorix,</span> <span class='ocrx_word' id='word_1_51' title='bbox 270 1122 378 1206; x_wconf 89' lang='lat' dir='ltr'>siquos</span> <span class='ocrx_word' id='word_1_52' title='bbox 401 1121 530 1186; x_wconf 87' lang='lat' dir='ltr'>fortuna</span> <span class='ocrx_word' id='word_1_53' title='bbox 552 1123 744 1208; x_wconf 83' lang='lat' dir='ltr'>reliquisset,</span> <span class='ocrx_word' id='word_1_54' title='bbox 767 1123 891 1186; x_wconf 94' lang='lat' dir='ltr'>nullum</span> <span class='ocrx_word' id='word_1_55' title='bbox 908 1123 1047 1188; x_wconf 87' lang='lat' dir='ltr'>reditum</span> 
     </span>
     <span class='ocr_line' id='line_1_10' title="bbox 130 1227 330 1291; baseline -0.01 0"><span class='ocrx_word' id='word_1_56' title='bbox 130 1227 276 1291; x_wconf 90' lang='lat' dir='ltr'>haberet.</span> <span class='ocrx_word' id='word_1_57' title='bbox 327 1264 330 1270; x_wconf 95' lang='lat'><em>·</em></span> 
     </span>
    </p>

    <p class='ocr_par' dir='ltr' id='par_1_3' title="bbox 127 1329 1081 2125">
     <span class='ocr_line' id='line_1_11' title="bbox 195 1329 1080 1414; baseline 0 -20"><span class='ocrx_word' id='word_1_58' title='bbox 195 1329 306 1396; x_wconf 90' lang='lat' dir='ltr'>XXV.</span> <span class='ocrx_word' id='word_1_59' title='bbox 339 1329 421 1394; x_wconf 76' lang='lat' dir='ltr'>Cum</span> <span class='ocrx_word' id='word_1_60' title='bbox 444 1330 477 1393; x_wconf 94' lang='lat' dir='ltr'>in</span> <span class='ocrx_word' id='word_1_61' title='bbox 500 1351 612 1394; x_wconf 93' lang='lat' dir='ltr'>omnes</span> <span class='ocrx_word' id='word_1_62' title='bbox 632 1336 741 1414; x_wconf 88' lang='lat' dir='ltr'>partes</span> <span class='ocrx_word' id='word_1_63' title='bbox 756 1329 904 1413; x_wconf 86' lang='lat' dir='ltr'>legiones</span> <span class='ocrx_word' id='word_1_64' title='bbox 920 1337 975 1394; x_wconf 91' lang='lat' dir='ltr'>aut</span> <span class='ocrx_word' id='word_1_65' title='bbox 991 1352 1046 1394; x_wconf 91' lang='lat' dir='ltr'>au·</span> <span class='ocrx_word' id='word_1_66' title='bbox 1070 1349 1080 1386; x_wconf 95' lang='lat'>1</span> 
     </span>
     <span class='ocr_line' id='line_1_12' title="bbox 128 1434 1046 1520; baseline 0.001 -21"><span class='ocrx_word' id='word_1_67' title='bbox 128 1436 211 1499; x_wconf 89' lang='lat' dir='ltr'>xilia</span> <span class='ocrx_word' id='word_1_68' title='bbox 226 1434 407 1517; x_wconf 85' lang='lat' dir='ltr'>dimisisset,</span> <span class='ocrx_word' id='word_1_69' title='bbox 432 1437 539 1499; x_wconf 92' lang='lat' dir='ltr'>omnia</span> <span class='ocrx_word' id='word_1_70' title='bbox 559 1435 721 1518; x_wconf 90' lang='lat' dir='ltr'>caedibus,</span> <span class='ocrx_word' id='word_1_71' title='bbox 737 1435 904 1517; x_wconf 88' lang='lat' dir='ltr'>incendiis,</span> <span class='ocrx_word' id='word_1_72' title='bbox 927 1437 1046 1520; x_wconf 90' lang='lat' dir='ltr'>rapinis</span> 
     </span>
     <span class='ocr_line' id='line_1_13' title="bbox 128 1540 1047 1623; baseline -0.003 -18"><span class='ocrx_word' id='word_1_73' title='bbox 128 1545 297 1623; x_wconf 83' lang='lat' dir='ltr'>vastasset,</span> <span class='ocrx_word' id='word_1_74' title='bbox 319 1560 437 1623; x_wconf 88' lang='lat' dir='ltr'>magno</span> <span class='ocrx_word' id='word_1_75' title='bbox 459 1560 594 1604; x_wconf 91' lang='lat' dir='ltr'>numero</span> <span class='ocrx_word' id='word_1_76' title='bbox 618 1540 786 1602; x_wconf 89' lang='lat' dir='ltr'>hominum</span> <span class='ocrx_word' id='word_1_77' title='bbox 804 1540 974 1604; x_wconf 83' lang='lat' dir='ltr'>interfecto</span> <span class='ocrx_word' id='word_1_78' title='bbox 993 1546 1047 1602; x_wconf 87' lang='lat' dir='ltr'>aut</span> 
     </span>
     <span class='ocr_line' id='line_1_14' title="bbox 128 1642 1045 1727; baseline 0 -20"><span class='ocrx_word' id='word_1_79' title='bbox 128 1648 224 1727; x_wconf 90' lang='lat' dir='ltr'>capto</span> <span class='ocrx_word' id='word_1_80' title='bbox 246 1643 427 1707; x_wconf 88' lang='lat' dir='ltr'>Labienum</span> <span class='ocrx_word' id='word_1_81' title='bbox 457 1663 530 1705; x_wconf 93' lang='lat' dir='ltr'>cum</span> <span class='ocrx_word' id='word_1_82' title='bbox 560 1642 683 1706; x_wconf 91' lang='lat' dir='ltr'>duabus</span> <span class='ocrx_word' id='word_1_83' title='bbox 707 1642 889 1726; x_wconf 85' lang='lat' dir='ltr'>legionibus</span> <span class='ocrx_word' id='word_1_84' title='bbox 912 1644 945 1707; x_wconf 94' lang='lat' dir='ltr'>in</span> <span class='ocrx_word' id='word_1_85' title='bbox 966 1643 1045 1707; x_wconf 88' lang='lat' dir='ltr'>Tre-</span> 
     </span>
     <span class='ocr_line' id='line_1_15' title="bbox 127 1745 1081 1832; baseline -0.007 -21"><span class='ocrx_word' id='word_1_86' title='bbox 127 1767 226 1812; x_wconf 89' lang='lat' dir='ltr'>veros</span> <span class='ocrx_word' id='word_1_87' title='bbox 253 1747 367 1830; x_wconf 89' lang='lat' dir='ltr'>mittit,</span> <span class='ocrx_word' id='word_1_88' title='bbox 397 1766 533 1832; x_wconf 89' lang='lat' dir='ltr'>quorum</span> <span class='ocrx_word' id='word_1_89' title='bbox 557 1745 669 1809; x_wconf 86' lang='lat' dir='ltr'>civitas</span> <span class='ocrx_word' id='word_1_90' title='bbox 692 1751 825 1829; x_wconf 91' lang='lat' dir='ltr'>propter</span> <span class='ocrx_word' id='word_1_91' title='bbox 850 1745 1043 1811; x_wconf 77' lang='lat' dir='ltr'>Germaniae</span> <span class='ocrx_word' id='word_1_92' title='bbox 1069 1766 1081 1804; x_wconf 81' lang='lat'>2</span> 
     </span>
     <span class='ocr_line' id='line_1_16' title="bbox 127 1849 1043 1916; baseline -0.001 -1"><span class='ocrx_word' id='word_1_93' title='bbox 127 1850 328 1916; x_wconf 87' lang='lat' dir='ltr'>vicinitatem</span> <span class='ocrx_word' id='word_1_94' title='bbox 355 1851 442 1914; x_wconf 93' lang='lat' dir='ltr'>cultu</span> <span class='ocrx_word' id='word_1_95' title='bbox 466 1856 498 1915; x_wconf 89' lang='grc'>11</span> <span class='ocrx_word' id='word_1_96' title='bbox 520 1849 648 1915; x_wconf 87' lang='lat' dir='ltr'>feritate</span> <span class='ocrx_word' id='word_1_97' title='bbox 671 1871 737 1914; x_wconf 93' lang='lat' dir='ltr'>non</span> <span class='ocrx_word' id='word_1_98' title='bbox 759 1851 896 1914; x_wconf 90' lang='lat' dir='ltr'>multum</span> <span class='ocrx_word' id='word_1_99' title='bbox 919 1873 938 1914; x_wconf 93' lang='lat' dir='ltr'>a</span> <span class='ocrx_word' id='word_1_100' title='bbox 962 1851 1043 1915; x_wconf 78' lang='lat' dir='ltr'>Ger·</span> 
     </span>
     <span class='ocr_line' id='line_1_17' title="bbox 127 1953 1044 2040; baseline -0.004 -19"><span class='ocrx_word' id='word_1_101' title='bbox 127 1953 232 2021; x_wconf 87' lang='lat' dir='ltr'>manis</span> <span class='ocrx_word' id='word_1_102' title='bbox 267 1955 437 2020; x_wconf 87' lang='lat' dir='ltr'>differebat</span> <span class='ocrx_word' id='word_1_103' title='bbox 472 1977 577 2040; x_wconf 94' lang='lat' dir='ltr'>neque</span> <span class='ocrx_word' id='word_1_104' title='bbox 611 1956 769 2039; x_wconf 90' lang='lat' dir='ltr'>imperata</span> <span class='ocrx_word' id='word_1_105' title='bbox 798 1974 951 2038; x_wconf 90' lang='lat' dir='ltr'>umquam</span> <span class='ocrx_word' id='word_1_106' title='bbox 982 1955 1044 2017; x_wconf 91' lang='lat' dir='ltr'>nisi</span> 
     </span>
     <span class='ocr_line' id='line_1_18' title="bbox 128 2059 580 2125; baseline -0.002 0"><span class='ocrx_word' id='word_1_107' title='bbox 128 2061 275 2125; x_wconf 90' lang='lat' dir='ltr'>exercitu</span> <span class='ocrx_word' id='word_1_108' title='bbox 298 2066 410 2124; x_wconf 87' lang='lat' dir='ltr'>coacta</span> <span class='ocrx_word' id='word_1_109' title='bbox 430 2059 580 2125; x_wconf 87' lang='lat' dir='ltr'>faciebat.</span> 
     </span>
    </p>

    <p class='ocr_par' dir='ltr' id='par_1_4' title="bbox 124 2162 1078 3496">
     <span class='ocr_line' id='line_1_19' title="bbox 191 2162 1078 2248; baseline -0.002 -21"><span class='ocrx_word' id='word_1_110' title='bbox 191 2162 320 2228; x_wconf 83' lang='lat' dir='ltr'>XXVI.</span> <span class='ocrx_word' id='word_1_111' title='bbox 357 2163 492 2229; x_wconf 88' lang='lat' dir='ltr'>Interim</span> <span class='ocrx_word' id='word_1_112' title='bbox 530 2163 566 2228; x_wconf 76' lang='grc' dir='ltr'>Ο.</span> <span class='ocrx_word' id='word_1_113' title='bbox 599 2164 751 2229; x_wconf 76' lang='lat' dir='ltr'>Caninius</span> <span class='ocrx_word' id='word_1_114' title='bbox 787 2164 932 2248; x_wconf 88' lang='lat' dir='ltr'>legatus,</span> <span class='ocrx_word' id='word_1_115' title='bbox 970 2186 1042 2228; x_wconf 90' lang='lat' dir='ltr'>cum</span> <span class='ocrx_word' id='word_1_116' title='bbox 1068 2188 1078 2225; x_wconf 95' lang='lat'>1</span> 
     </span>
     <span class='ocr_line' id='line_1_20' title="bbox 125 2268 1042 2351; baseline 0.001 -19"><span class='ocrx_word' id='word_1_117' title='bbox 125 2288 278 2351; x_wconf 87' lang='lat' dir='ltr'>magnam</span> <span class='ocrx_word' id='word_1_118' title='bbox 306 2268 546 2333; x_wconf 88' lang='lat' dir='ltr'>multitudinem</span> <span class='ocrx_word' id='word_1_119' title='bbox 576 2268 767 2333; x_wconf 88' lang='lat' dir='ltr'>convenisse</span> <span class='ocrx_word' id='word_1_120' title='bbox 798 2268 830 2331; x_wconf 92' lang='lat' dir='ltr'>in</span> <span class='ocrx_word' id='word_1_121' title='bbox 860 2269 940 2332; x_wconf 88' lang='lat' dir='ltr'>fines</span> <span class='ocrx_word' id='word_1_122' title='bbox 969 2269 1042 2333; x_wconf 93' lang='lat' dir='ltr'>Pic-</span> 
     </span>
     <span class='ocr_line' id='line_1_21' title="bbox 125 2372 1043 2457; baseline -0.001 -20"><span class='ocrx_word' id='word_1_123' title='bbox 125 2378 241 2438; x_wconf 90' lang='lat' dir='ltr'>tonum</span> <span class='ocrx_word' id='word_1_124' title='bbox 262 2372 379 2438; x_wconf 85' lang='lat' dir='ltr'>litteris</span> <span class='ocrx_word' id='word_1_125' title='bbox 400 2373 583 2457; x_wconf 91' lang='lat' dir='ltr'>nuntiisque</span> <span class='ocrx_word' id='word_1_126' title='bbox 599 2372 726 2437; x_wconf 89' lang='lat' dir='ltr'>Duratii</span> <span class='ocrx_word' id='word_1_127' title='bbox 741 2378 965 2457; x_wconf 89' lang='lat' dir='ltr'>cognosceret,</span> <span class='ocrx_word' id='word_1_128' title='bbox 989 2374 1043 2457; x_wconf 93' lang='lat' dir='ltr'>qui</span> 
     </span>
     <span class='ocr_line' id='line_1_22' title="bbox 124 2476 1042 2563; baseline -0.003 -20"><span class='ocrx_word' id='word_1_129' title='bbox 124 2482 285 2563; x_wconf 87' lang='lat' dir='ltr'>perpetuo</span> <span class='ocrx_word' id='word_1_130' title='bbox 306 2477 340 2540; x_wconf 92' lang='lat' dir='ltr'>in</span> <span class='ocrx_word' id='word_1_131' title='bbox 355 2476 494 2540; x_wconf 91' lang='lat' dir='ltr'>amicitia</span> <span class='ocrx_word' id='word_1_132' title='bbox 508 2482 680 2558; x_wconf 87' lang='lat' dir='ltr'>manserat,</span> <span class='ocrx_word' id='word_1_133' title='bbox 705 2498 777 2540; x_wconf 90' lang='lat' dir='ltr'>oum</span> <span class='ocrx_word' id='word_1_134' title='bbox 792 2497 866 2560; x_wconf 87' lang='lat' dir='ltr'>pars</span> <span class='ocrx_word' id='word_1_135' title='bbox 883 2476 1042 2560; x_wconf 89' lang='lat' dir='ltr'>quaedam</span> 
     </span>
     <span class='ocr_line' id='line_1_23' title="bbox 125 2579 1042 2665; baseline -0.002 -19"><span class='ocrx_word' id='word_1_136' title='bbox 125 2581 264 2646; x_wconf 84' lang='lat' dir='ltr'>civitatis</span> <span class='ocrx_word' id='word_1_137' title='bbox 294 2581 364 2644; x_wconf 91' lang='lat' dir='ltr'>eius</span> <span class='ocrx_word' id='word_1_138' title='bbox 393 2579 579 2662; x_wconf 88' lang='lat' dir='ltr'>defecisset,</span> <span class='ocrx_word' id='word_1_139' title='bbox 608 2580 649 2644; x_wconf 87' lang='lat' dir='ltr'>ad</span> <span class='ocrx_word' id='word_1_140' title='bbox 680 2580 835 2665; x_wconf 88' lang='lat' dir='ltr'>oppidum</span> <span class='ocrx_word' id='word_1_141' title='bbox 857 2579 1042 2645; x_wconf 90' lang='lat' dir='ltr'>Lemonum</span> 
     </span>
     <span class='ocr_line' id='line_1_24' title="bbox 125 2682 1078 2770; baseline -0.007 -20"><span class='ocrx_word' id='word_1_142' title='bbox 125 2684 304 2750; x_wconf 88' lang='lat' dir='ltr'>contendit.</span> <span class='ocrx_word' id='word_1_143' title='bbox 334 2704 398 2768; x_wconf 90' lang='lat' dir='ltr'>quo</span> <span class='ocrx_word' id='word_1_144' title='bbox 423 2705 495 2748; x_wconf 93' lang='lat' dir='ltr'>cum</span> <span class='ocrx_word' id='word_1_145' title='bbox 519 2682 710 2748; x_wconf 81' lang='lat' dir='ltr'>adventaret</span> <span class='ocrx_word' id='word_1_146' title='bbox 733 2689 829 2768; x_wconf 88' lang='lat' dir='ltr'>atque</span> <span class='ocrx_word' id='word_1_147' title='bbox 850 2704 893 2748; x_wconf 85' lang='lat' dir='ltr'>ex</span> <span class='ocrx_word' id='word_1_148' title='bbox 909 2686 1042 2770; x_wconf 87' lang='lat' dir='ltr'>captivis</span> <span class='ocrx_word' id='word_1_149' title='bbox 1066 2706 1078 2743; x_wconf 79' lang='lat' dir='ltr'>a</span> 
     </span>
     <span class='ocr_line' id='line_1_25' title="bbox 125 2787 1043 2876; baseline 0 -22"><span class='ocrx_word' id='word_1_150' title='bbox 125 2790 244 2876; x_wconf 86' lang='lat' dir='ltr'>certius</span> <span class='ocrx_word' id='word_1_151' title='bbox 278 2794 491 2872; x_wconf 88' lang='lat' dir='ltr'>cognosceret</span> <span class='ocrx_word' id='word_1_152' title='bbox 523 2787 633 2851; x_wconf 88' lang='lat' dir='ltr'>multis</span> <span class='ocrx_word' id='word_1_153' title='bbox 669 2788 835 2851; x_wconf 92' lang='lat' dir='ltr'>hominum</span> <span class='ocrx_word' id='word_1_154' title='bbox 865 2790 995 2854; x_wconf 93' lang='lat' dir='ltr'>milibus</span> <span class='ocrx_word' id='word_1_155' title='bbox 1024 2811 1043 2853; x_wconf 97' lang='grc'>1</span> 
     </span>
     <span class='ocr_line' id='line_1_26' title="bbox 125 2889 1040 2978; baseline 0 -21"><span class='ocrx_word' id='word_1_156' title='bbox 125 2892 313 2976; x_wconf 80' lang='lat' dir='ltr'>Dumnaco,</span> <span class='ocrx_word' id='word_1_157' title='bbox 337 2890 419 2956; x_wconf 89' lang='lat' dir='ltr'>duce</span> <span class='ocrx_word' id='word_1_158' title='bbox 442 2889 596 2976; x_wconf 90' lang='lat' dir='ltr'>Andium,</span> <span class='ocrx_word' id='word_1_159' title='bbox 619 2891 792 2955; x_wconf 88' lang='lat' dir='ltr'>Duratium</span> <span class='ocrx_word' id='word_1_160' title='bbox 816 2894 959 2957; x_wconf 88' lang='lat' dir='ltr'>clausum</span> <span class='ocrx_word' id='word_1_161' title='bbox 984 2915 1040 2978; x_wconf 93' lang='lat' dir='ltr'>op·</span> 
     </span>
     <span class='ocr_line' id='line_1_27' title="bbox 126 2994 1041 3082; baseline -0.002 -20"><span class='ocrx_word' id='word_1_162' title='bbox 126 2996 260 3082; x_wconf 88' lang='lat' dir='ltr'>pugnari</span> <span class='ocrx_word' id='word_1_163' title='bbox 288 3017 395 3081; x_wconf 88' lang='lat' dir='ltr'>neque</span> <span class='ocrx_word' id='word_1_164' title='bbox 424 2995 566 3059; x_wconf 91' lang='lat' dir='ltr'>infirmas</span> <span class='ocrx_word' id='word_1_165' title='bbox 594 2994 743 3078; x_wconf 90' lang='lat' dir='ltr'>legiones</span> <span class='ocrx_word' id='word_1_166' title='bbox 774 2997 920 3060; x_wconf 85' lang='lat' dir='ltr'>hostibus</span> <span class='ocrx_word' id='word_1_167' title='bbox 953 3017 1041 3060; x_wconf 92' lang='lat' dir='ltr'>com-</span> 
     </span>
     <span class='ocr_line' id='line_1_28' title="bbox 127 3100 1076 3183; baseline -0.001 -17"><span class='ocrx_word' id='word_1_168' title='bbox 127 3101 253 3167; x_wconf 84' lang='lat' dir='ltr'>mittere</span> <span class='ocrx_word' id='word_1_169' title='bbox 277 3100 429 3182; x_wconf 89' lang='lat' dir='ltr'>auderet,</span> <span class='ocrx_word' id='word_1_170' title='bbox 452 3105 556 3163; x_wconf 89' lang='lat' dir='ltr'>castra</span> <span class='ocrx_word' id='word_1_171' title='bbox 577 3100 696 3183; x_wconf 90' lang='lat' dir='ltr'>posuit.</span> <span class='ocrx_word' id='word_1_172' title='bbox 740 3100 944 3182; x_wconf 77' lang='lat' dir='ltr'>Dumnacus,</span> <span class='ocrx_word' id='word_1_173' title='bbox 969 3123 1040 3165; x_wconf 92' lang='lat' dir='ltr'>oum</span> <span class='ocrx_word' id='word_1_174' title='bbox 1064 3128 1076 3165; x_wconf 87' lang='grc'>1</span> 
     </span>
     <span class='ocr_line' id='line_1_29' title="bbox 128 3202 1042 3289; baseline 0.001 -21"><span class='ocrx_word' id='word_1_175' title='bbox 128 3202 387 3289; x_wconf 87' lang='lat' dir='ltr'>adpropinquare</span> <span class='ocrx_word' id='word_1_176' title='bbox 427 3202 597 3267; x_wconf 73' lang='lat' dir='ltr'>Caninium</span> <span class='ocrx_word' id='word_1_177' title='bbox 635 3209 822 3285; x_wconf 91' lang='lat' dir='ltr'>cognosset,</span> <span class='ocrx_word' id='word_1_178' title='bbox 862 3205 962 3288; x_wconf 88' lang='lat' dir='ltr'>copiis</span> <span class='ocrx_word' id='word_1_179' title='bbox 1000 3206 1042 3269; x_wconf 91' lang='lat' dir='ltr'>ad</span> 
     </span>
     <span class='ocr_line' id='line_1_30' title="bbox 128 3305 1040 3393; baseline 0.004 -23"><span class='ocrx_word' id='word_1_180' title='bbox 128 3306 272 3392; x_wconf 86' lang='lat' dir='ltr'>legiones</span> <span class='ocrx_word' id='word_1_181' title='bbox 296 3307 459 3372; x_wconf 86' lang='lat' dir='ltr'>conversis</span> <span class='ocrx_word' id='word_1_182' title='bbox 481 3312 585 3370; x_wconf 87' lang='lat' dir='ltr'>castra</span> <span class='ocrx_word' id='word_1_183' title='bbox 606 3305 830 3369; x_wconf 90' lang='lat' dir='ltr'>Romanorum</span> <span class='ocrx_word' id='word_1_184' title='bbox 854 3328 1040 3393; x_wconf 88' lang='lat' dir='ltr'>oppugnare</span> 
     </span>
     <span class='ocr_line' id='line_1_31' title="bbox 131 3409 1076 3496; baseline 0.002 -22"><span class='ocrx_word' id='word_1_185' title='bbox 131 3409 250 3478; x_wconf 86' lang='lat' dir='ltr'>institit.</span> <span class='ocrx_word' id='word_1_186' title='bbox 305 3431 378 3476; x_wconf 91' lang='lat' dir='ltr'>cum</span> <span class='ocrx_word' id='word_1_187' title='bbox 412 3411 594 3494; x_wconf 89' lang='lat' dir='ltr'>complures</span> <span class='ocrx_word' id='word_1_188' title='bbox 628 3411 696 3474; x_wconf 88' lang='lat' dir='ltr'>dies</span> <span class='ocrx_word' id='word_1_189' title='bbox 727 3413 978 3496; x_wconf 87' lang='lat' dir='ltr'>consumpsisset</span> <span class='ocrx_word' id='word_1_190' title='bbox 1010 3420 1076 3478; x_wconf 75' lang='grc'>111</span> 
     </span>
    </p>
   </div>
   <div class='ocr_carea' id='block_1_3' title="bbox 0 0 1170 3892">
    <p class='ocr_par' dir='ltr' id='par_1_5' title="bbox 0 0 1170 3892">
     <span class='ocr_line' id='line_1_32' title="bbox 0 0 1170 3892; baseline 0 2"><span class='ocrx_word' id='word_1_191' title='bbox 0 0 1170 3892; x_wconf 95' lang='lat' dir='ltr'> </span> 
     </span>
    </p>
   </div>
  </div>
 </body>
</html>
