2332 3892
487 240 536 290 1v.
564 240 676 291 ar-aa.
998 241 1038 302 89

125 415 193 500 puli
207 413 349 478 Romani
364 411 461 477 fidem
482 418 671 496 sequantur:
695 432 729 475 se
754 412 902 476 celeriter
924 418 1038 476 ventu-

126 515 220 594 rum}
265 517 451 580 Volusenus
480 517 656 599 perspectis
686 517 848 596 omnibus,
885 523 1074 600 quantum9

126 622 233 706 potuit
256 620 310 704 qui
333 617 445 701 egredi
469 639 505 682 ac
528 638 562 681 se
585 618 728 681 barbaris
752 605 951 682 coinmittere
973 639 1039 681 non

129 725 274 805 auderet,
298 748 326 786 v.
351 723 402 786 die
426 722 609 786 revertitur.
666 765 669 770 -

193 825 306 890 XXII.
342 825 429 889 Dum
463 825 496 888 in
532 825 582 888 his
619 825 699 888 locis
732 825 850 890 Caesar
887 832 1075 909 moratur,1

128 932 329 996 Morinorum
352 930 452 1013 legati
474 935 641 1010 venerunt,
665 929 776 1013 quise
802 929 842 995 de
866 930 1040 1014 superioris

129 1034 285 1118 temporis
308 1034 440 1096 consilio
465 1038 665 1112 excusarent,
690 1033 778 1116 quod
800 1034 948 1098 homines
968 1034 1040 1096 bar·

129 1138 198 1203 bari
222 1143 255 1202 et
276 1136 416 1220 imperiti
430 1137 552 1201 bellum
569 1138 689 1221 populo
706 1137 855 1200 Romano
871 1138 1040 1202 fecissent:

131 1263 187 1324 ,se,
210 1260 293 1325 quae
316 1240 515 1323 imperasset,
538 1237 698 1303 facturos‘
738 1241 801 1303 hoc
823 1240 898 1304 satis
922 1261 1075 1325 oppone

130 1353 207 1408 tune
232 1341 385 1407 accidisse
408 1342 594 1423 arbitratus,
627 1342 715 1426 quod
744 1364 848 1427 neque
880 1350 955 1428 post
975 1351 1041 1407 ter-

130 1470 209 1532 gum
230 1449 357 1511 hostem
379 1446 562 1530 relinquere
586 1447 716 1510 volebat
740 1467 845 1530 neque
877 1447 955 1511 belli
984 1468 1041 1530 ge·

130 1550 224 1616 rendi
250 1555 384 1634 propter
415 1549 491 1611 anni
520 1555 647 1632 tempus
680 1550 865 1614 facultatem
902 1551 1043 1616 habebat

129 1675 236 1739 neque
259 1653 317 1717 has
339 1653 533 1715 tantularum
556 1673 664 1716 rerum
695 1655 922 1737 occupationes
952 1661 1042 1718 ante-

129 1755 299 1842 ponendas
321 1755 497 1836 iudicabat,
529 1776 681 1838 magnum
704 1756 742 1819 iis
764 1777 932 1819 numerum
956 1758 1042 1821 obsi·

130 1861 208 1925 dum
244 1861 393 1943 imperat,
436 1859 551 1942 quibus
589 1859 735 1923 adductis
774 1881 831 1924 eos
867 1861 900 1923 in
944 1861 1041 1925 fidem

128 1963 262 2047 recepit.
307 1962 440 2025 navibus
472 1962 596 2026 circiter
625 1988 708 2027 nxxx
737 1965 892 2028 onerariis
921 1968 1077 2040 coactis3

130 2067 224 2153 (quot
250 2066 326 2129 satis
349 2087 419 2130 esse
444 2065 485 2129 ad
509 2065 587 2130 duas
610 2068 872 2152 transportandas
894 2069 1042 2152 legiones

129 2170 365 2252 existimabat),
396 2169 483 2254 quod
511 2178 680 2254 praeterea
710 2173 839 2235 navium
872 2172 1040 2255 longarum

128 2275 288 2355 habebat,
338 2273 453 2356 legatis
493 2274 726 2359 praefectisque
766 2275 935 2339 distribuit.
979 2276 1077 2348 hu04

128 2367 328 2442 accedebant
343 2397 425 2438 xvrn
439 2376 604 2440 onerariae
625 2368 737 2458 naves,
760 2398 843 2461 quae
859 2378 898 2441 ab
915 2379 1042 2443 milibus

128 2502 282 2566 passuum
304 2504 355 2543 1111
377 2485 474 2543 vento
498 2480 705 2544 tenebantur·
729 2480 786 2544 has
810 2482 970 2565 equitibus
986 2485 1041 2547 tri·

128 2585 209 2650 buit.
254 2583 413 2668 reliquum
444 2585 622 2648 exercitum
646 2584 684 2658 Q.
708 2584 832 2648 Titurio
857 2585 974 2649 Sabino
1008 2594 1076 2657 ets

128 2689 166 2752 L.
188 2687 409 2751 Aurunculeio
428 2687 544 2752 Cottae
567 2688 681 2770 legatis
704 2688 738 2750 in
753 2687 921 2771 Menapios
945 2695 1039 2773 atque

128 2792 162 2855 in
184 2812 242 2855 eos
264 2811 366 2874 pagos
388 2791 605 2872 Morinorum,
633 2792 672 2854 ab
704 2791 818 2875 quibus
847 2791 947 2875 legati
974 2813 1040 2856 non

128 2900 295 2975 venerant,
312 2893 539 2957 deducendum
557 2893 662 2980 dedit;
677 2893 714 2958 P.
731 2893 905 2976 Sulpicium
918 2893 1039 2958 Rufum
1062 2922 1075 2960 e
1138 2934 1140 2938 ·

129 2999 272 3082 legatum
296 3018 367 3061 cum
391 3019 429 3062 eo
453 2996 624 3082 praesidio,
651 2996 740 3081 quod
762 2997 838 3058 satis
861 3016 933 3060 esse
956 2998 1039 3061 arbi-

128 3103 282 3180 trabatur,
305 3106 434 3184 portum
457 3106 568 3165 tenere
593 3100 692 3163 iussit.

194 3203 324 3268 XXIII.
357 3203 418 3267 His
441 3204 621 3267 constitutis
643 3204 739 3267 rebus
761 3207 874 3265 nactus
889 3201 1039 3268 idoneam
1061 3230 1073 3271 1

129 3312 356 3393 tempestatem
385 3307 480 3371 tertia
508 3306 576 3370 fere
600 3306 710 3388 vigilia
732 3305 827 3368 solvit
851 3304 1039 3389 equitesque

130 3414 162 3498 iq
196 3412 386 3476 ulteriorem
417 3416 546 3494 portum
575 3409 729 3492 progredi
762 3414 794 3470 et
831 3428 928 3470 naves
962 3429 1038 3471 con·
1094 3399 1097 3406 ’
