2332 3892
503 253 553 303 1v.
578 255 655 303 4-6.
987 249 1026 310 79

125 425 210 487 nium
237 423 346 507 vagati
374 422 415 486 ad
436 422 588 488 Rhenum
615 426 846 508 pervenerunt3
877 441 954 505 quas
976 437 1063 482 rer-2

125 529 236 610 giones
258 528 400 612 Menapii
428 528 620 591 incolebant.
664 527 705 590 ad
728 532 894 608 utramque
926 522 1029 606 ripam
1050 541 1063 580 a

125 652 235 714 agros,
267 630 413 695 aedificia
439 630 592 715 vicosque
622 629 799 708 habebant3
831 626 889 690 scd
920 629 1027 688 tantae

124 732 335 796 multitudinis
365 732 455 797 aditu
484 733 648 818 perterriti
677 753 719 796 ex
747 732 803 812 iis,
834 749 914 814 quae
941 734 1029 792 trans

125 836 259 916 flumen,
294 833 556 917 demigraverunt
595 839 628 897 et
659 833 704 896 eis
735 831 886 896 Rhenum
920 831 1028 915 dispc-

125 939 190 1001 sitis
227 936 396 1022 praesidiis
430 935 608 1000 Germanos
640 935 775 998 transire
806 933 1028 1018 prohibebant.

124 1041 168 1103 illi
201 1040 310 1103 omnia
340 1040 481 1123 experti,
519 1059 591 1102 cum
620 1057 726 1122 neque
757 1038 790 1100 vi
819 1043 953 1122 propter
981 1036 1064 1099 irs-4

127 1143 232 1227 opiam
246 1141 376 1206 navium
391 1162 496 1225 neque
513 1141 594 1204 clam
617 1141 752 1203 transire
769 1146 901 1225 propter
924 1145 1029 1204 custo-

127 1244 193 1308 dias
231 1244 455 1328 Menapiorum
491 1249 642 1327 possent,
676 1245 795 1308 reverti
825 1265 859 1308 se
891 1244 926 1307 in
958 1264 1030 1309 suas

126 1348 220 1412 sedes
251 1347 464 1430 regionesque
501 1347 730 1411 simulaverunt
762 1353 796 1412 ct
826 1347 924 1410 tridui
945 1347 1065 1413 viam⁶

125 1450 288 1535 progressi
319 1472 428 1515 rursus
466 1451 553 1514 omni
589 1450 652 1514 hoc
689 1451 802 1514 itincre
835 1470 899 1513 una
934 1455 1030 1514 noete

126 1553 272 1637 equitatu
300 1552 446 1616 conlecto
478 1552 595 1615 inscios
623 1552 889 1636 inopinantesque
918 1552 1030 1616 Meua-

124 1655 196 1740 pios
220 1661 462 1739 oppresserunt,
491 1655 545 1739 qui
568 1654 608 1718 de
630 1653 865 1719 Germanorum
889 1655 1031 1719 discessu
1052 1667 1065 1707 ⁸

126 1760 194 1823 sine
218 1764 308 1822 metu
327 1760 587 1843 remigraverant.
617 1759 668 1822 his
690 1757 866 1822 interfectis
881 1757 1030 1822 navibus·
1053 1770 1065 1809 l

126 1883 189 1947 que
206 1852 379 1947 occupatis,
399 1863 583 1947 priusquam
600 1862 701 1924 altera
719 1882 792 1946 pars
807 1860 1030 1944 Menapiorum

127 1965 245 2029 certior
267 1965 368 2047 fieret,
390 1965 509 2028 flumen
526 1965 720 2028 transierunt
741 1969 836 2048 atque
860 1985 894 2028 se
918 1983 1030 2027 eorum

127 2069 228 2152 copiis
251 2069 408 2133 aluerunt.

191 2169 233 2234 V.
264 2170 325 2234 His
349 2170 389 2233 de
412 2169 508 2233 rebus
537 2169 656 2234 Caesar
678 2169 894 2232 infirmitatem
918 2167 1029 2230 Gallo·
1053 2186 1064 2224 1

126 2292 197 2335 rum
226 2272 347 2336 veritus
375 2271 454 2334 nihil
487 2272 699 2336 omittendum
736 2271 939 2335 existimavit.
981 2276 1065 2334 csta

126 2374 190 2437 hoc
206 2372 348 2438 Gallinae
371 2373 621 2455 consuetudinis,
645 2375 692 2437 uti
715 2379 748 2436 et
762 2374 902 2438 viatores
919 2371 1030 2453 (etiam

127 2477 258 2559 invitos)
290 2482 323 2540 et
350 2482 545 2540 mercatores
575 2477 689 2560 vulgus
720 2478 930 2541 circumsistat
962 2477 1030 2560 qui·

127 2579 251 2663 busque
284 2599 326 2642 ex
353 2579 542 2662 'regionibus
571 2581 701 2644 veniant
732 2601 873 2666 quasque
904 2580 948 2644 ibi
979 2600 1031 2643 res

128 2681 342 2764 cognoverint
371 2683 578 2766 pronuntiare
608 2689 734 2766 cogant.
779 2684 828 2747 his
861 2684 1066 2747 auditioni-a

126 2784 187 2848 bus
216 2783 355 2868 permoti
385 2784 426 2848 de
456 2785 587 2847 summis
617 2805 712 2869 saepe
749 2785 881 2849 consilia
912 2786 1031 2866 ineunt,

129 2906 266 2972 quorum
297 2907 352 2951 eos
383 2888 418 2950 in
446 2887 582 2970 vestigio
611 2887 776 2970 paenitere
806 2907 938 2951 necesse
974 2891 1031 2967 est,

130 3010 203 3054 cum
231 2990 361 3054 incertis
389 2990 569 3053 rumoribus
601 2989 742 3053 serviant
770 2995 802 3054 et
823 2990 967 3075 plerique
991 2989 1032 3052 ad

130 3094 330 3157 voluntatem
353 3112 463 3156 eorum
486 3092 559 3154 fieta
580 3091 806 3175 respondeant.

194 3194 254 3259 VI.
293 3194 364 3268 Qua
396 3195 627 3258 consuetudine
661 3195 791 3277 cognita
825 3193 959 3275 Caesar,
992 3215 1068 3258 ner

132 3297 273 3381 graviori
293 3296 379 3360 bello
397 3301 589 3376 occurreret,
612 3296 765 3359 maturius
788 3316 882 3379 quam
899 3316 1033 3359 consue-

132 3408 182 3464 rat
204 3399 245 3463 ad
267 3401 445 3463 exereitum
473 3399 691 3484 proficiscitur.
736 3418 817 3482 quae
839 3398 909 3461 fore
932 3399 1033 3482 suspi·
1056 3419 1069 3457 a
