2332 3892
156 231 221 293 210
521 229 597 279 vm.
626 230 703 279 o-u.

120 424 135 462 o
160 403 283 468 Cenabi
307 403 503 484 conlocavit3
527 404 607 486 ipse,
631 424 703 466 cum
720 402 840 467 crebris
855 400 1060 485 legationibus

158 509 338 574 Remorum
354 509 471 573 certior
485 507 578 572 lieret
586 506 789 589 Bellovacos,
806 507 861 590 qui
876 506 955 570 belli
972 505 1063 590 gloria

160 613 274 678 Gallos
291 632 403 677 omnes
418 610 602 695 Belgasque
619 612 836 695 praestabant,
860 609 1063 693 finitimasque

158 717 210 780 his
234 717 380 780 civitates
410 715 491 779 duce
517 715 638 781 Correo
661 716 837 780 Bellovaco
869 720 902 779 et
929 714 1082 781 Commio*

158 819 317 884 Atrebate
357 820 519 883 exercitus
557 839 743 904 comparare
783 826 878 902 atque
911 820 946 882 in
978 838 1064 881 unum

158 927 268 990 locum
292 944 420 1008 cogere,
442 929 478 987 ut
502 923 589 988 omni
612 922 817 987 multitudine
836 924 870 987 in
885 923 968 987 fines
983 922 1065 988 Sues·

160 1029 304 1108 sionum,
335 1028 389 1111 qui
411 1027 525 1092 Remis
548 1034 639 1091 erant
666 1027 824 1108 attributi,
855 1027 999 1091 facerent
1019 1027 1065 1089 im-

161 1132 373 1216 pressionem,
393 1132 556 1216 pertinere
572 1137 682 1195 autem
694 1154 762 1196 non
776 1137 903 1196 tantum
919 1132 961 1197 ad
977 1131 1066 1215 digni·

85 1281 89 1288 =
163 1242 264 1300 tatem
280 1235 339 1299 sed
356 1235 510 1300 etiamad
527 1236 664 1299 salutem
674 1257 772 1300 suam
786 1235 947 1301 iudicaret
961 1236 1067 1301 nullam

166 1341 382 1405 calamitatem
413 1342 518 1406 socios
550 1341 671 1425 optime
696 1341 736 1404 de
758 1340 928 1424 republica
951 1340 1067 1405 meritos

122 1467 138 1504 s
166 1445 331 1528 accipere,
367 1434 533 1529 legionem
571 1451 686 1510 evocat
722 1466 831 1509 rursus
868 1445 1068 1523 undecimam,

166 1549 291 1612 litteras
321 1555 430 1613 autem
460 1550 501 1614 ad
527 1549 561 1614 0.
584 1550 723 1614 Fabium
745 1551 860 1632 mittit,
891 1556 928 1613 ut
951 1551 984 1614 in
1004 1547 1068 1613 fines

170 1651 379 1716 Suessionum
411 1653 559 1737 legiones
594 1654 691 1735 duas,
724 1674 801 1738 quas
837 1654 997 1736 habebat,
1028 1651 1069 1718 ad·

173 1754 320 1836 duceret,
351 1757 548 1841 alteramque
578 1779 620 1822 ex
650 1758 773 1823 duabus
803 1759 842 1822 ab
871 1759 909 1823 Τ.
941 1759 1069 1823 Labieno

126 1877 142 1914 4
173 1859 314 1923 arcessit.
353 1860 408 1943 ita,
432 1868 585 1943 quantum
602 1863 824 1947 opportunitas
838 1863 982 1948 bellique
1003 1862 1070 1928 ratio

164 1965 359 2048 postulabat,
382 1973 540 2050 perpetuo
565 1989 623 2032 suo
645 1967 758 2031 labore
776 1968 811 2031 in
825 1968 933 2032 vicem
948 1965 1071 2051 legioni·

165 2069 226 2132 bus
251 2069 497 2152 expeditionum
521 2091 601 2134 onus
624 2071 824 2156 iniungebat.

128 2197 142 2235 ι
231 2173 309 2238 VII.
341 2174 403 2238 His
434 2174 536 2257 copiis
566 2175 685 2239 coactis
716 2174 758 2238 ad
788 2174 984 2241 Bellovacos
1011 2196 1073 2258 pro·

165 2277 318 2342 ficiscitur
341 2278 516 2361 castrisque
539 2278 572 2342 in
596 2298 709 2343 eorum
724 2279 840 2343 finibus
856 2281 973 2363 positis
998 2279 1074 2365 equi·

166 2389 236 2445 tum
258 2389 380 2447 turmas
405 2382 536 2447 dimittit
564 2383 598 2446 in
629 2403 741 2448 omnes
764 2389 873 2468 partes
896 2384 939 2449 ad
962 2385 1076 2469 aliquos

169 2485 390 2569 excipiendos,
417 2508 459 2550 ex
487 2487 601 2570 quibus
626 2488 769 2553 hostium
793 2489 929 2554 consilia
952 2508 1077 2574 cognos·

130 2594 265 2656 sceret.
319 2591 444 2673 equites
479 2591 583 2657 officio
616 2592 717 2656 functi
746 2593 932 2658 renuntiant
966 2611 1077 2678 paucos

169 2693 202 2756 in
225 2692 380 2758 aedificiis
410 2717 480 2760 esse
512 2697 678 2779 inventos,
711 2703 806 2781 atque
836 2698 915 2780 hos,
945 2720 1013 2764 non
1034 2695 1078 2782 qui

169 2799 400 2863 remansissent
438 2799 589 2885 (namque
627 2823 697 2866 esse
735 2802 876 2885 undique
915 2803 1078 2887 diligenter

133 2902 400 2987 ademigratum)
431 2905 490 2968 sed
520 2907 574 2990 qui
603 2912 712 2981 essent
740 2906 877 2970 remissi.
923 2928 943 2970 a
974 2906 1077 2990 quibus

171 3029 244 3071 cum
268 3016 451 3090 quaereret,
484 3029 547 3092 quo
569 3010 642 3075 loco
672 3009 844 3073 multitudo
869 3016 956 3073 esset
978 3009 1076 3074 Bello·

134 3136 149 3172 4
171 3133 324 3175 racorum
347 3112 475 3195 quodve
499 3119 584 3177 esset
614 3114 782 3178 eonsilium
806 3132 935 3177 eorum:
968 3112 1076 3193 ,Bello

172 3237 269 3280 vacos
294 3238 423 3300 omnes,
453 3219 506 3301 qui
535 3240 624 3282 arma
645 3219 729 3283 ferre
752 3226 901 3303 possent,
931 3219 966 3282 in
988 3233 1076 3282 unum

172 3320 280 3383 locum
304 3323 510 3405 conuenisse,
532 3323 674 3407 itemque
698 3322 892 3406 Ambianos,
915 3321 1075 3398 Aulercos,

173 3422 322 3507 Caletos,
354 3425 577 3508 Veliocasses,
606 3426 797 3508 Atrebatas;
833 3428 942 3492 locum
976 3423 1075 3492 castris
