2332 3892
208 219 269 281 116
572 219 607 272 V.
635 220 747 272 83-36.

170 413 184 452 s
204 391 409 456 incommode
432 391 563 458 accidit:
585 414 661 459 nam
678 400 710 458 et
724 394 878 458 militibus
895 415 987 478 spem
1003 394 1118 458 minuit

206 503 239 560 et
260 498 388 562 hostem
410 499 598 563 alacriorem
613 499 699 579 fecit,
723 498 809 582 quod
824 520 890 562 non
905 499 974 562 sine
991 520 1116 562 summo

169 620 183 660 c
204 601 320 666 timore
344 609 376 666 et
392 602 617 687 desperatione
632 602 667 666 id
681 603 801 667 factum
815 602 994 668 videbatur.
1024 622 1117 686 prae-

203 711 293 769 terea
322 705 454 788 accidit,
483 705 570 790 quod
592 705 661 770 fieri
682 726 816 770 necesse
839 711 922 788 erat,
951 711 987 769 ut
1016 705 1116 790 vulgo

204 810 323 874 milites
360 811 401 875 ab
438 812 537 895 signis
576 810 795 893 discederent,
840 829 985 894 quaeque
1030 810 1116 893 quis·

204 933 266 995 que
298 913 462 978 carissima
491 914 640 998 haberet,
688 921 800 999 petere
839 920 934 998 atque
973 913 1115 997 arripere

203 1023 408 1100 properaret,
454 1018 592 1083 clamore
637 1024 670 1082 et
712 1019 790 1083 fletu
830 1017 937 1083 omnia
974 1017 1115 1100 comple·

203 1126 323 1184 rentur.

168 1252 180 1291 1
268 1223 425 1290 XXXIV.
464 1223 510 1288 At
539 1226 682 1290 barbaris
714 1225 882 1290 consilium
912 1244 988 1288 non·
1002 1222 1115 1286 defuit.

202 1350 278 1392 nam
299 1329 398 1393 duces
419 1334 532 1394 eorum
554 1335 623 1394 tota
645 1329 713 1394 acie
742 1330 902 1393 iusserunt
932 1327 1047 1411 nequis
1075 1327 1115 1390 ab

175 1454 177 1458 ·
202 1435 275 1500 loco
299 1433 497 1498 discederet:
521 1434 660 1514 ,illorum
683 1453 753 1497 esse
769 1430 923 1517 praedam
938 1437 1034 1515 atque
1052 1431 1115 1493 illis

203 1537 332 1619 servari,
349 1557 568 1621 quaecumque
582 1536 723 1602 Romani
737 1538 956 1622 reliquissent:
977 1533 1115 1620 proinde

38 1688 45 1698 ,
168 1665 181 1704 a
204 1642 312 1705 omnia
334 1642 367 1705 in
389 1641 524 1704 victoria
545 1636 673 1724 posita‘
702 1641 804 1705 nostri
824 1639 953 1704 tametsi
975 1637 1115 1703 abduce

204 1749 235 1807 et
258 1765 278 1808 a
299 1744 427 1808 fortuna
450 1743 688 1826 deserebantur,
711 1750 829 1825 tamen,
851 1743 1000 1828 quotiens
1015 1761 1116 1826 quae·

203 1868 265 1932 que
289 1848 404 1911 cohors
419 1853 631 1930 procurrerat,
654 1868 790 1931 magnus
805 1866 956 1911 numerus
971 1845 1117 1909 hostium

168 1951 349 2015 acadebat.
395 1972 458 2036 qua
487 1972 523 2015 re
555 1950 777 2016 animadversa
806 1949 978 2015 Ambiorix
1012 1949 1115 2031 iubet,

202 2062 238 2119 ut
260 2055 373 2139 procul
394 2056 461 2118 tela
484 2054 641 2118 coniciant
663 2075 727 2118 neu
749 2055 881 2139 propius
899 2051 1056 2118 accedant
1071 2057 1114 2132 et,

168 2187 181 2226 ι
203 2180 266 2243 qua
288 2164 378 2243 parte
401 2158 541 2223 Romani
562 2160 719 2243 impetum
740 2159 884 2241 fecerint,
907 2157 1022 2222 cedant
1045 2178 1114 2221 rur·

203 2282 256 2326 sus
280 2282 314 2325 se
338 2260 379 2324 ad
402 2262 493 2346 signa
514 2262 717 2346 recipientes.

167 2392 179 2432 1
266 2362 407 2427 XXXV.
445 2363 515 2438 Quo
538 2361 712 2449 praecepto
736 2365 979 2450 diligentissime
1002 2365 1115 2430 obser·

202 2474 277 2534 vato
302 2489 373 2532 cum
397 2469 512 2534 cohors
535 2490 578 2534 ex
608 2471 684 2535 orbe
715 2476 896 2535 excesserat
925 2475 1020 2554 atque
1052 2469 1114 2532 im·

202 2579 313 2656 petum
343 2573 481 2655 fecerat,
520 2576 630 2640 hostes
664 2575 866 2640 velocissime
897 2571 1113 2656 refugiebant.

142 2701 184 2741 aa
200 2678 331 2742 interim
353 2699 424 2743 eam
447 2685 572 2762 partem
593 2679 707 2744 nudari
728 2692 864 2744 necesse
885 2682 962 2741 erat.
991 2695 1113 2759 rursus,

202 2802 274 2845 cum
302 2783 420 2846 reverti
450 2789 622 2866 coeperant
653 2790 685 2846 et
713 2782 753 2846 ab
776 2782 831 2863 iis,
860 2781 914 2865 qui
937 2786 1111 2862 cesserant,

167 2909 181 2948 ι
203 2890 235 2947 et
257 2885 296 2948 ab
319 2886 368 2968 iis,
391 2884 446 2970 qui
467 2887 607 2971 proximi
629 2892 793 2968 steterant,
818 2884 1112 2950 circumvenieban-

200 2995 268 3069 tur,
298 2990 347 3053 sin
369 2995 477 3053 autem
499 2995 610 3054 tenere
632 2989 767 3070 vellent,
798 3009 858 3053 nec
885 2988 997 3053 virtuti
1018 2987 1110 3052 locus

168 3093 441 3177 crelinquebatur
468 3113 573 3177 neque
604 3091 643 3156 ab
678 3098 767 3156 tanta
796 3089 1000 3155 multitudine
1035 3111 1111 3155 con·

202 3196 276 3259 ferti
304 3197 370 3260 tela
391 3196 492 3261 vitare
522 3201 681 3279 poterant.
719 3202 828 3259 tamen
855 3199 904 3258 tot
931 3194 1109 3259 incommo-

204 3298 252 3362 dis
289 3301 460 3364 conflictati
495 3299 603 3362 multis
637 3298 822 3362 vulneribus
855 3297 995 3380 acceptis
1029 3296 1108 3359 resi·

203 3403 329 3466 stebant
358 3410 390 3467 et
420 3403 485 3466 diei
513 3424 532 3466 a
560 3402 664 3486 prima
695 3402 767 3466 luce
805 3399 847 3466 ad
877 3402 990 3467 horam
1022 3406 1106 3466 octa·
