<?xml version="1.0" encoding="UTF-8"?>
<!DOCTYPE html PUBLIC "-//W3C//DTD XHTML 1.0 Transitional//EN"
    "http://www.w3.org/TR/xhtml1/DTD/xhtml1-transitional.dtd">
<html xmlns="http://www.w3.org/1999/xhtml" xml:lang="en" lang="en">
 <head>
  <title>
</title>
<meta http-equiv="Content-Type" content="text/html;charset=utf-8" />
  <meta name='ocr-system' content='tesseract 3.04.00' />
  <meta name='ocr-capabilities' content='ocr_page ocr_carea ocr_par ocr_line ocrx_word'/>
</head>
<body>
  <div class='ocr_page' id='page_1' title='image "./ciuliicaesarisc00gitlgoog_0119.png"; bbox 0 0 2332 3892; ppageno 0'>
   <div class='ocr_carea' id='block_1_1' title="bbox 421 244 969 309">
    <p class='ocr_par' dir='ltr' id='par_1_1' title="bbox 420 197 969 309">
     <span class='ocr_line' id='line_1_1' title="bbox 421 244 969 309; baseline 0 -16"><span class='ocrx_word' id='word_1_1' title='bbox 421 244 455 293; x_wconf 88' lang='lat' dir='ltr'>v.</span> <span class='ocrx_word' id='word_1_2' title='bbox 486 246 594 295; x_wconf 82' lang='lat'>12-13.</span> <span class='ocrx_word' id='word_1_3' title='bbox 678 249 698 260; x_wconf 40' lang='lat'>‘¹</span> <span class='ocrx_word' id='word_1_4' title='bbox 909 247 969 309; x_wconf 87' lang='lat'>105</span> 
     </span>
    </p>
   </div>
   <div class='ocr_carea' id='block_1_2' title="bbox 35 417 1021 3485">
    <p class='ocr_par' dir='ltr' id='par_1_2' title="bbox 35 417 1021 2151">
     <span class='ocr_line' id='line_1_2' title="bbox 35 417 1004 500; baseline -0.007 -18"><span class='ocrx_word' id='word_1_5' title='bbox 35 451 42 466; x_wconf 83' lang='lat'><em>·</em></span> <span class='ocrx_word' id='word_1_6' title='bbox 125 419 203 482; x_wconf 87' lang='lat' dir='ltr'>XII.</span> <span class='ocrx_word' id='word_1_7' title='bbox 235 417 421 481; x_wconf 80' lang='lat' dir='ltr'>Britanniae</span> <span class='ocrx_word' id='word_1_8' title='bbox 443 437 517 500; x_wconf 90' lang='lat' dir='ltr'>pars</span> <span class='ocrx_word' id='word_1_9' title='bbox 539 418 673 481; x_wconf 89' lang='lat' dir='ltr'>interior</span> <span class='ocrx_word' id='word_1_10' title='bbox 696 418 734 481; x_wconf 92' lang='lat' dir='ltr'>ab</span> <span class='ocrx_word' id='word_1_11' title='bbox 758 418 797 481; x_wconf 86' lang='lat' dir='ltr'>iis</span> <span class='ocrx_word' id='word_1_12' title='bbox 813 419 971 498; x_wconf 88' lang='lat' dir='ltr'>incolitur,</span> <span class='ocrx_word' id='word_1_13' title='bbox 993 438 1004 475; x_wconf 97' lang='lat'>1</span> 
     </span>
     <span class='ocr_line' id='line_1_3' title="bbox 57 520 1006 607; baseline -0.007 -21"><span class='ocrx_word' id='word_1_14' title='bbox 57 545 139 607; x_wconf 91' lang='lat' dir='ltr'>quos</span> <span class='ocrx_word' id='word_1_15' title='bbox 162 529 256 586; x_wconf 87' lang='lat' dir='ltr'>natos</span> <span class='ocrx_word' id='word_1_16' title='bbox 280 523 312 584; x_wconf 90' lang='lat' dir='ltr'>in</span> <span class='ocrx_word' id='word_1_17' title='bbox 334 520 438 583; x_wconf 88' lang='lat' dir='ltr'>insula</span> <span class='ocrx_word' id='word_1_18' title='bbox 459 521 521 602; x_wconf 91' lang='lat' dir='ltr'>ipsi</span> <span class='ocrx_word' id='word_1_19' title='bbox 543 521 700 583; x_wconf 90' lang='lat' dir='ltr'>memoria</span> <span class='ocrx_word' id='word_1_20' title='bbox 730 521 892 603; x_wconf 91' lang='lat' dir='ltr'>proditum</span> <span class='ocrx_word' id='word_1_21' title='bbox 925 520 971 583; x_wconf 92' lang='lat' dir='ltr'>di·</span> <span class='ocrx_word' id='word_1_22' title='bbox 993 540 1006 578; x_wconf 81' lang='lat' dir='ltr'>a</span> 
     </span>
     <span class='ocr_line' id='line_1_4' title="bbox 58 623 973 707; baseline -0.004 -17"><span class='ocrx_word' id='word_1_23' title='bbox 58 633 144 706; x_wconf 87' lang='lat' dir='ltr'>cunt,</span> <span class='ocrx_word' id='word_1_24' title='bbox 168 624 327 686; x_wconf 90' lang='lat' dir='ltr'>maritima</span> <span class='ocrx_word' id='word_1_25' title='bbox 349 642 423 705; x_wconf 88' lang='lat' dir='ltr'>pars</span> <span class='ocrx_word' id='word_1_26' title='bbox 447 623 563 703; x_wconf 89' lang='lat' dir='ltr'>abiis,</span> <span class='ocrx_word' id='word_1_27' title='bbox 593 623 646 705; x_wconf 89' lang='lat' dir='ltr'>qui</span> <span class='ocrx_word' id='word_1_28' title='bbox 670 644 711 686; x_wconf 88' lang='lat' dir='ltr'>ex</span> <span class='ocrx_word' id='word_1_29' title='bbox 732 624 848 707; x_wconf 84' lang='lat' dir='ltr'>Belgio</span> <span class='ocrx_word' id='word_1_30' title='bbox 871 630 973 687; x_wconf 89' lang='lat' dir='ltr'>trans-</span> 
     </span>
     <span class='ocr_line' id='line_1_5' title="bbox 58 727 973 810; baseline -0.004 -16"><span class='ocrx_word' id='word_1_31' title='bbox 58 733 162 794; x_wconf 88' lang='lat' dir='ltr'>ierant</span> <span class='ocrx_word' id='word_1_32' title='bbox 185 728 254 810; x_wconf 91' lang='lat' dir='ltr'>(qui</span> <span class='ocrx_word' id='word_1_33' title='bbox 272 747 389 790; x_wconf 90' lang='lat' dir='ltr'>omnes</span> <span class='ocrx_word' id='word_1_34' title='bbox 407 727 474 789; x_wconf 87' lang='lat' dir='ltr'>fere</span> <span class='ocrx_word' id='word_1_35' title='bbox 494 727 533 788; x_wconf 91' lang='lat' dir='ltr'>iis</span> <span class='ocrx_word' id='word_1_36' title='bbox 554 727 738 790; x_wconf 91' lang='lat' dir='ltr'>nominibus</span> <span class='ocrx_word' id='word_1_37' title='bbox 761 729 973 810; x_wconf 80' lang='lat' dir='ltr'>appellantur,</span> 
     </span>
     <span class='ocr_line' id='line_1_6' title="bbox 60 828 972 918; baseline -0.004 -21"><span class='ocrx_word' id='word_1_38' title='bbox 60 835 176 918; x_wconf 91' lang='lat' dir='ltr'>quibus</span> <span class='ocrx_word' id='word_1_39' title='bbox 200 833 262 897; x_wconf 91' lang='lat' dir='ltr'>orti</span> <span class='ocrx_word' id='word_1_40' title='bbox 284 852 326 893; x_wconf 86' lang='lat' dir='ltr'>ex</span> <span class='ocrx_word' id='word_1_41' title='bbox 349 828 543 909; x_wconf 87' lang='lat' dir='ltr'>civitatibus)</span> <span class='ocrx_word' id='word_1_42' title='bbox 568 836 600 892; x_wconf 94' lang='lat' dir='ltr'>et</span> <span class='ocrx_word' id='word_1_43' title='bbox 615 830 660 893; x_wconf 91' lang='lat' dir='ltr'>ibi</span> <span class='ocrx_word' id='word_1_44' title='bbox 676 837 861 894; x_wconf 87' lang='lat' dir='ltr'>manserunt</span> <span class='ocrx_word' id='word_1_45' title='bbox 877 837 972 913; x_wconf 91' lang='lat' dir='ltr'>atque</span> 
     </span>
     <span class='ocr_line' id='line_1_7' title="bbox 61 933 1021 1021; baseline -0.004 -20"><span class='ocrx_word' id='word_1_46' title='bbox 61 957 157 1021; x_wconf 86' lang='lat' dir='ltr'>agros</span> <span class='ocrx_word' id='word_1_47' title='bbox 189 935 295 999; x_wconf 92' lang='lat' dir='ltr'>colere</span> <span class='ocrx_word' id='word_1_48' title='bbox 336 938 519 1016; x_wconf 89' lang='lat' dir='ltr'>coeperunt.</span> <span class='ocrx_word' id='word_1_49' title='bbox 565 934 731 997; x_wconf 90' lang='lat' dir='ltr'>hominum</span> <span class='ocrx_word' id='word_1_50' title='bbox 771 940 820 996; x_wconf 91' lang='lat' dir='ltr'>est</span> <span class='ocrx_word' id='word_1_51' title='bbox 850 933 974 997; x_wconf 89' lang='lat' dir='ltr'>infinita</span> <span class='ocrx_word' id='word_1_52' title='bbox 994 960 1021 1018; x_wconf 81' lang='lat' dir='ltr'>a¹</span> 
     </span>
     <span class='ocr_line' id='line_1_8' title="bbox 63 1035 973 1118; baseline -0.003 -15"><span class='ocrx_word' id='word_1_53' title='bbox 63 1037 234 1104; x_wconf 90' lang='lat' dir='ltr'>multitudo</span> <span class='ocrx_word' id='word_1_54' title='bbox 267 1036 520 1118; x_wconf 89' lang='lat' dir='ltr'>creberrimaque</span> <span class='ocrx_word' id='word_1_55' title='bbox 559 1035 705 1099; x_wconf 84' lang='lat' dir='ltr'>aedificia</span> <span class='ocrx_word' id='word_1_56' title='bbox 741 1037 808 1101; x_wconf 85' lang='lat' dir='ltr'>fere</span> <span class='ocrx_word' id='word_1_57' title='bbox 842 1038 973 1102; x_wconf 82' lang='lat' dir='ltr'>Gallicis</span> 
     </span>
     <span class='ocr_line' id='line_1_9' title="bbox 64 1141 1007 1223; baseline -0.004 -15"><span class='ocrx_word' id='word_1_58' title='bbox 64 1143 258 1222; x_wconf 84' lang='lat' dir='ltr'>consimilia,</span> <span class='ocrx_word' id='word_1_59' title='bbox 288 1141 413 1223; x_wconf 85' lang='lat' dir='ltr'>pecoris</span> <span class='ocrx_word' id='word_1_60' title='bbox 442 1160 602 1204; x_wconf 88' lang='lat' dir='ltr'>numerus.</span> <span class='ocrx_word' id='word_1_61' title='bbox 648 1146 780 1203; x_wconf 90' lang='lat' dir='ltr'>utuntur</span> <span class='ocrx_word' id='word_1_62' title='bbox 808 1146 862 1205; x_wconf 90' lang='lat' dir='ltr'>aut</span> <span class='ocrx_word' id='word_1_63' title='bbox 899 1162 1007 1204; x_wconf 68' lang='lat' dir='ltr'>aeres</span> 
     </span>
     <span class='ocr_line' id='line_1_10' title="bbox 64 1242 974 1325; baseline -0.005 -15"><span class='ocrx_word' id='word_1_64' title='bbox 64 1256 119 1311; x_wconf 88' lang='lat' dir='ltr'>aut</span> <span class='ocrx_word' id='word_1_65' title='bbox 140 1246 234 1309; x_wconf 90' lang='lat' dir='ltr'>taleis</span> <span class='ocrx_word' id='word_1_66' title='bbox 256 1244 368 1307; x_wconf 86' lang='lat' dir='ltr'>ferreis</span> <span class='ocrx_word' id='word_1_67' title='bbox 397 1243 438 1306; x_wconf 82' lang='lat' dir='ltr'>ad</span> <span class='ocrx_word' id='word_1_68' title='bbox 467 1249 588 1306; x_wconf 91' lang='lat' dir='ltr'>certum</span> <span class='ocrx_word' id='word_1_69' title='bbox 617 1242 743 1325; x_wconf 89' lang='lat' dir='ltr'>pondus</span> <span class='ocrx_word' id='word_1_70' title='bbox 775 1244 974 1306; x_wconf 83' lang='lat' dir='ltr'>examinatis.</span> 
     </span>
     <span class='ocr_line' id='line_1_11' title="bbox 63 1346 1007 1429; baseline -0.003 -16"><span class='ocrx_word' id='word_1_71' title='bbox 63 1349 205 1414; x_wconf 87' lang='lat' dir='ltr'>nascitur</span> <span class='ocrx_word' id='word_1_72' title='bbox 226 1346 392 1429; x_wconf 89' lang='lat' dir='ltr'>plumbum</span> <span class='ocrx_word' id='word_1_73' title='bbox 416 1346 522 1409; x_wconf 89' lang='lat' dir='ltr'>album</span> <span class='ocrx_word' id='word_1_74' title='bbox 545 1347 578 1409; x_wconf 92' lang='lat' dir='ltr'>in</span> <span class='ocrx_word' id='word_1_75' title='bbox 601 1346 844 1409; x_wconf 88' lang='lat' dir='ltr'>mediterraneis</span> <span class='ocrx_word' id='word_1_76' title='bbox 869 1347 1007 1429; x_wconf 81' lang='lat' dir='ltr'>regio-5</span> 
     </span>
     <span class='ocr_line' id='line_1_12' title="bbox 64 1449 974 1532; baseline -0.003 -16"><span class='ocrx_word' id='word_1_77' title='bbox 64 1453 174 1531; x_wconf 88' lang='lat' dir='ltr'>nibus,</span> <span class='ocrx_word' id='word_1_78' title='bbox 204 1451 238 1512; x_wconf 93' lang='lat' dir='ltr'>in</span> <span class='ocrx_word' id='word_1_79' title='bbox 267 1449 433 1512; x_wconf 75' lang='lat' dir='ltr'>maritimis</span> <span class='ocrx_word' id='word_1_80' title='bbox 463 1450 597 1530; x_wconf 90' lang='lat' dir='ltr'>ferrum,</span> <span class='ocrx_word' id='word_1_81' title='bbox 631 1449 688 1512; x_wconf 88' lang='lat' dir='ltr'>sed</span> <span class='ocrx_word' id='word_1_82' title='bbox 718 1450 836 1532; x_wconf 85' lang='lat' dir='ltr'>exigua</span> <span class='ocrx_word' id='word_1_83' title='bbox 866 1451 974 1532; x_wconf 76' lang='lat' dir='ltr'>copia3</span> 
     </span>
     <span class='ocr_line' id='line_1_13' title="bbox 65 1552 975 1636; baseline -0.002 -19"><span class='ocrx_word' id='word_1_84' title='bbox 65 1574 139 1617; x_wconf 87' lang='lat' dir='ltr'>aere</span> <span class='ocrx_word' id='word_1_85' title='bbox 173 1558 306 1615; x_wconf 90' lang='lat' dir='ltr'>utuntur</span> <span class='ocrx_word' id='word_1_86' title='bbox 335 1552 518 1634; x_wconf 90' lang='lat' dir='ltr'>importato.</span> <span class='ocrx_word' id='word_1_87' title='bbox 564 1553 698 1615; x_wconf 91' lang='lat' dir='ltr'>materia</span> <span class='ocrx_word' id='word_1_88' title='bbox 731 1553 882 1635; x_wconf 86' lang='lat' dir='ltr'>cuiusque</span> <span class='ocrx_word' id='word_1_89' title='bbox 920 1573 975 1636; x_wconf 89' lang='lat' dir='ltr'>ge·</span> 
     </span>
     <span class='ocr_line' id='line_1_14' title="bbox 64 1653 1009 1736; baseline -0.006 -16"><span class='ocrx_word' id='word_1_90' title='bbox 64 1656 151 1720; x_wconf 85' lang='lat' dir='ltr'>neris</span> <span class='ocrx_word' id='word_1_91' title='bbox 175 1661 211 1717; x_wconf 90' lang='lat' dir='ltr'>ut</span> <span class='ocrx_word' id='word_1_92' title='bbox 233 1655 266 1718; x_wconf 95' lang='lat' dir='ltr'>in</span> <span class='ocrx_word' id='word_1_93' title='bbox 283 1653 388 1718; x_wconf 86' lang='lat' dir='ltr'>Gallia</span> <span class='ocrx_word' id='word_1_94' title='bbox 404 1661 452 1716; x_wconf 86' lang='lat' dir='ltr'>est</span> <span class='ocrx_word' id='word_1_95' title='bbox 467 1660 594 1736; x_wconf 88' lang='lat' dir='ltr'>praeter</span> <span class='ocrx_word' id='word_1_96' title='bbox 608 1655 726 1736; x_wconf 88' lang='lat' dir='ltr'>fagum,</span> <span class='ocrx_word' id='word_1_97' title='bbox 750 1655 900 1718; x_wconf 90' lang='lat' dir='ltr'>abietem.</span> <span class='ocrx_word' id='word_1_98' title='bbox 930 1657 976 1718; x_wconf 87' lang='lat' dir='ltr'>le·</span> <span class='ocrx_word' id='word_1_99' title='bbox 997 1676 1009 1714; x_wconf 75' lang='lat' dir='ltr'>a</span> 
     </span>
     <span class='ocr_line' id='line_1_15' title="bbox 64 1755 976 1841; baseline 0 -20"><span class='ocrx_word' id='word_1_100' title='bbox 64 1778 180 1841; x_wconf 85' lang='lat' dir='ltr'>porem</span> <span class='ocrx_word' id='word_1_101' title='bbox 214 1762 246 1818; x_wconf 93' lang='lat' dir='ltr'>et</span> <span class='ocrx_word' id='word_1_102' title='bbox 275 1755 427 1839; x_wconf 84' lang='lat' dir='ltr'>gallinam</span> <span class='ocrx_word' id='word_1_103' title='bbox 458 1762 490 1818; x_wconf 93' lang='lat' dir='ltr'>et</span> <span class='ocrx_word' id='word_1_104' title='bbox 512 1776 656 1818; x_wconf 90' lang='lat' dir='ltr'>anserem</span> <span class='ocrx_word' id='word_1_105' title='bbox 678 1763 807 1838; x_wconf 85' lang='lat' dir='ltr'>gustare</span> <span class='ocrx_word' id='word_1_106' title='bbox 835 1757 882 1821; x_wconf 82' lang='lat' dir='ltr'>fas</span> <span class='ocrx_word' id='word_1_107' title='bbox 910 1779 976 1821; x_wconf 91' lang='lat' dir='ltr'>non</span> 
     </span>
     <span class='ocr_line' id='line_1_16' title="bbox 64 1858 977 1946; baseline -0.001 -22"><span class='ocrx_word' id='word_1_108' title='bbox 64 1867 196 1946; x_wconf 70' lang='lat' dir='ltr'>putant,</span> <span class='ocrx_word' id='word_1_109' title='bbox 219 1858 300 1921; x_wconf 91' lang='lat' dir='ltr'>haec</span> <span class='ocrx_word' id='word_1_110' title='bbox 323 1864 430 1920; x_wconf 89' lang='lat' dir='ltr'>tamen</span> <span class='ocrx_word' id='word_1_111' title='bbox 447 1859 535 1920; x_wconf 91' lang='lat' dir='ltr'>alunt</span> <span class='ocrx_word' id='word_1_112' title='bbox 553 1859 650 1920; x_wconf 91' lang='lat' dir='ltr'>animi</span> <span class='ocrx_word' id='word_1_113' title='bbox 674 1880 778 1921; x_wconf 90' lang='lat' dir='ltr'>causa.</span> <span class='ocrx_word' id='word_1_114' title='bbox 816 1860 888 1922; x_wconf 92' lang='lat' dir='ltr'>loca</span> <span class='ocrx_word' id='word_1_115' title='bbox 903 1867 977 1923; x_wconf 91' lang='lat' dir='ltr'>sunt</span> 
     </span>
     <span class='ocr_line' id='line_1_17' title="bbox 65 1960 977 2046; baseline -0.002 -18"><span class='ocrx_word' id='word_1_116' title='bbox 65 1961 298 2046; x_wconf 87' lang='lat' dir='ltr'>temperatiora</span> <span class='ocrx_word' id='word_1_117' title='bbox 330 1979 424 2043; x_wconf 91' lang='lat' dir='ltr'>quam</span> <span class='ocrx_word' id='word_1_118' title='bbox 456 1961 489 2023; x_wconf 92' lang='lat' dir='ltr'>in</span> <span class='ocrx_word' id='word_1_119' title='bbox 521 1960 627 2025; x_wconf 81' lang='lat' dir='ltr'>Gallia</span> <span class='ocrx_word' id='word_1_120' title='bbox 654 1962 891 2025; x_wconf 86' lang='lat' dir='ltr'>remissioribus</span> <span class='ocrx_word' id='word_1_121' title='bbox 924 1962 977 2026; x_wconf 86' lang='lat' dir='ltr'>fri·</span> 
     </span>
     <span class='ocr_line' id='line_1_18' title="bbox 65 2067 211 2151; baseline -0.034 -21"><span class='ocrx_word' id='word_1_122' title='bbox 65 2067 211 2151; x_wconf 82' lang='lat' dir='ltr'>goribus.</span> 
     </span>
    </p>

    <p class='ocr_par' dir='ltr' id='par_1_3' title="bbox 66 2165 1016 3485">
     <span class='ocr_line' id='line_1_19' title="bbox 131 2165 1010 2250; baseline 0 -20"><span class='ocrx_word' id='word_1_123' title='bbox 131 2166 227 2230; x_wconf 90' lang='lat' dir='ltr'><strong>XIII.</strong></span> <span class='ocrx_word' id='word_1_124' title='bbox 264 2165 374 2229; x_wconf 88' lang='lat' dir='ltr'>Insula</span> <span class='ocrx_word' id='word_1_125' title='bbox 404 2172 518 2229; x_wconf 91' lang='lat' dir='ltr'>natura</span> <span class='ocrx_word' id='word_1_126' title='bbox 549 2167 719 2250; x_wconf 88' lang='lat' dir='ltr'>triquetra,</span> <span class='ocrx_word' id='word_1_127' title='bbox 758 2168 846 2231; x_wconf 90' lang='lat' dir='ltr'>cuius</span> <span class='ocrx_word' id='word_1_128' title='bbox 879 2188 1010 2238; x_wconf 81' lang='lat' dir='ltr'>unum1</span> 
     </span>
     <span class='ocr_line' id='line_1_20' title="bbox 66 2270 977 2353; baseline -0.005 -16"><span class='ocrx_word' id='word_1_129' title='bbox 66 2277 149 2337; x_wconf 86' lang='lat' dir='ltr'>latus</span> <span class='ocrx_word' id='word_1_130' title='bbox 181 2278 230 2335; x_wconf 87' lang='lat' dir='ltr'>est</span> <span class='ocrx_word' id='word_1_131' title='bbox 260 2278 369 2334; x_wconf 88' lang='lat' dir='ltr'>contra</span> <span class='ocrx_word' id='word_1_132' title='bbox 399 2270 546 2334; x_wconf 84' lang='lat' dir='ltr'>Galliam.</span> <span class='ocrx_word' id='word_1_133' title='bbox 591 2271 685 2333; x_wconf 90' lang='lat' dir='ltr'>huius</span> <span class='ocrx_word' id='word_1_134' title='bbox 717 2271 797 2334; x_wconf 90' lang='lat' dir='ltr'>alter</span> <span class='ocrx_word' id='word_1_135' title='bbox 832 2272 977 2353; x_wconf 84' lang='lat' dir='ltr'>angulus,</span> 
     </span>
     <span class='ocr_line' id='line_1_21' title="bbox 67 2372 979 2461; baseline -0.007 -20"><span class='ocrx_word' id='word_1_136' title='bbox 67 2378 122 2461; x_wconf 91' lang='lat' dir='ltr'>qui</span> <span class='ocrx_word' id='word_1_137' title='bbox 145 2374 259 2439; x_wconf 88' lang='lat' dir='ltr'>estad</span> <span class='ocrx_word' id='word_1_138' title='bbox 283 2372 446 2453; x_wconf 78' lang='lat' dir='ltr'>Cantium,</span> <span class='ocrx_word' id='word_1_139' title='bbox 477 2393 539 2455; x_wconf 89' lang='lat' dir='ltr'>quo</span> <span class='ocrx_word' id='word_1_140' title='bbox 569 2374 636 2436; x_wconf 85' lang='lat' dir='ltr'>fere</span> <span class='ocrx_word' id='word_1_141' title='bbox 667 2393 778 2437; x_wconf 90' lang='lat' dir='ltr'>omnes</span> <span class='ocrx_word' id='word_1_142' title='bbox 808 2394 849 2436; x_wconf 81' lang='lat' dir='ltr'>ex</span> <span class='ocrx_word' id='word_1_143' title='bbox 873 2374 979 2438; x_wconf 81' lang='lat' dir='ltr'>Gallia</span> 
     </span>
     <span class='ocr_line' id='line_1_22' title="bbox 68 2476 979 2565; baseline -0.005 -20"><span class='ocrx_word' id='word_1_144' title='bbox 68 2501 168 2545; x_wconf 83' lang='lat' dir='ltr'>naves</span> <span class='ocrx_word' id='word_1_145' title='bbox 199 2477 417 2560; x_wconf 89' lang='lat' dir='ltr'>adpelluntur,</span> <span class='ocrx_word' id='word_1_146' title='bbox 447 2476 668 2565; x_wconf 87' lang='lat' dir='ltr'>adorientem</span> <span class='ocrx_word' id='word_1_147' title='bbox 698 2478 815 2557; x_wconf 89' lang='lat' dir='ltr'>solem,</span> <span class='ocrx_word' id='word_1_148' title='bbox 847 2476 979 2540; x_wconf 85' lang='lat' dir='ltr'>inferior</span> 
     </span>
     <span class='ocr_line' id='line_1_23' title="bbox 69 2578 979 2662; baseline -0.007 -16"><span class='ocrx_word' id='word_1_149' title='bbox 69 2583 110 2646; x_wconf 86' lang='lat' dir='ltr'>ad</span> <span class='ocrx_word' id='word_1_150' title='bbox 132 2580 302 2646; x_wconf 81' lang='lat' dir='ltr'>meridiem</span> <span class='ocrx_word' id='word_1_151' title='bbox 318 2586 450 2662; x_wconf 89' lang='lat' dir='ltr'>spectat.</span> <span class='ocrx_word' id='word_1_152' title='bbox 481 2586 570 2643; x_wconf 91' lang='lat' dir='ltr'>tenet</span> <span class='ocrx_word' id='word_1_153' title='bbox 585 2579 710 2642; x_wconf 89' lang='lat' dir='ltr'>circiter</span> <span class='ocrx_word' id='word_1_154' title='bbox 725 2578 813 2640; x_wconf 92' lang='lat' dir='ltr'>milia</span> <span class='ocrx_word' id='word_1_155' title='bbox 827 2598 979 2660; x_wconf 87' lang='lat' dir='ltr'>passuum</span> 
     </span>
     <span class='ocr_line' id='line_1_24' title="bbox 69 2681 1012 2772; baseline -0.008 -20"><span class='ocrx_word' id='word_1_156' title='bbox 69 2687 253 2772; x_wconf 84' lang='lat' dir='ltr'>quingenta.</span> <span class='ocrx_word' id='word_1_157' title='bbox 297 2684 431 2746; x_wconf 89' lang='lat' dir='ltr'>alterum</span> <span class='ocrx_word' id='word_1_158' title='bbox 460 2683 565 2765; x_wconf 84' lang='lat' dir='ltr'>vergit</span> <span class='ocrx_word' id='word_1_159' title='bbox 593 2681 634 2744; x_wconf 87' lang='lat' dir='ltr'>ad</span> <span class='ocrx_word' id='word_1_160' title='bbox 663 2681 854 2763; x_wconf 90' lang='lat' dir='ltr'>Hispaniam</span> <span class='ocrx_word' id='word_1_161' title='bbox 883 2687 1012 2764; x_wconf 67' lang='lat' dir='ltr'>atquae</span> 
     </span>
     <span class='ocr_line' id='line_1_25' title="bbox 71 2784 978 2867; baseline -0.008 -13"><span class='ocrx_word' id='word_1_162' title='bbox 71 2789 272 2854; x_wconf 89' lang='lat' dir='ltr'>occidentem</span> <span class='ocrx_word' id='word_1_163' title='bbox 301 2787 419 2865; x_wconf 72' lang='lat' dir='ltr'>solem,</span> <span class='ocrx_word' id='word_1_164' title='bbox 452 2805 513 2867; x_wconf 87' lang='lat' dir='ltr'>qua</span> <span class='ocrx_word' id='word_1_165' title='bbox 543 2806 584 2848; x_wconf 82' lang='lat' dir='ltr'>ex</span> <span class='ocrx_word' id='word_1_166' title='bbox 612 2791 703 2867; x_wconf 89' lang='lat' dir='ltr'>parte</span> <span class='ocrx_word' id='word_1_167' title='bbox 734 2791 782 2847; x_wconf 91' lang='lat' dir='ltr'>est</span> <span class='ocrx_word' id='word_1_168' title='bbox 811 2784 978 2866; x_wconf 90' lang='lat' dir='ltr'>Hibernia,</span> 
     </span>
     <span class='ocr_line' id='line_1_26' title="bbox 70 2887 978 2970; baseline -0.003 -15"><span class='ocrx_word' id='word_1_169' title='bbox 70 2890 204 2955; x_wconf 87' lang='lat' dir='ltr'>dimidio</span> <span class='ocrx_word' id='word_1_170' title='bbox 227 2889 332 2952; x_wconf 90' lang='lat' dir='ltr'>minor</span> <span class='ocrx_word' id='word_1_171' title='bbox 355 2908 449 2970; x_wconf 92' lang='lat' dir='ltr'>quam</span> <span class='ocrx_word' id='word_1_172' title='bbox 471 2888 654 2967; x_wconf 89' lang='lat' dir='ltr'>Britannia,</span> <span class='ocrx_word' id='word_1_173' title='bbox 686 2887 743 2949; x_wconf 91' lang='lat' dir='ltr'>sed</span> <span class='ocrx_word' id='word_1_174' title='bbox 776 2888 845 2969; x_wconf 88' lang='lat' dir='ltr'>pari</span> <span class='ocrx_word' id='word_1_175' title='bbox 875 2889 978 2970; x_wconf 91' lang='lat' dir='ltr'>spatio</span> 
     </span>
     <span class='ocr_line' id='line_1_27' title="bbox 70 2991 989 3074; baseline -0.004 -16"><span class='ocrx_word' id='word_1_176' title='bbox 70 2994 274 3058; x_wconf 86' lang='lat' dir='ltr'>transmissus</span> <span class='ocrx_word' id='word_1_177' title='bbox 306 2997 400 3074; x_wconf 88' lang='lat' dir='ltr'>atque</span> <span class='ocrx_word' id='word_1_178' title='bbox 424 3011 465 3053; x_wconf 87' lang='lat' dir='ltr'>ex</span> <span class='ocrx_word' id='word_1_179' title='bbox 490 2991 595 3055; x_wconf 83' lang='lat' dir='ltr'>Gallia</span> <span class='ocrx_word' id='word_1_180' title='bbox 629 2997 678 3053; x_wconf 92' lang='lat' dir='ltr'>est</span> <span class='ocrx_word' id='word_1_181' title='bbox 707 2991 740 3053; x_wconf 93' lang='lat' dir='ltr'>in</span> <span class='ocrx_word' id='word_1_182' title='bbox 770 2991 989 3054; x_wconf 50' lang='lat' dir='ltr'>Britanniam,</span> 
     </span>
     <span class='ocr_line' id='line_1_28' title="bbox 71 3094 1013 3176; baseline -0.002 -15"><span class='ocrx_word' id='word_1_183' title='bbox 71 3098 102 3161; x_wconf 91' lang='lat' dir='ltr'>in</span> <span class='ocrx_word' id='word_1_184' title='bbox 122 3098 187 3161; x_wconf 90' lang='lat' dir='ltr'>hoc</span> <span class='ocrx_word' id='word_1_185' title='bbox 209 3094 317 3158; x_wconf 91' lang='lat' dir='ltr'>medio</span> <span class='ocrx_word' id='word_1_186' title='bbox 341 3114 434 3156; x_wconf 89' lang='lat' dir='ltr'>cursu</span> <span class='ocrx_word' id='word_1_187' title='bbox 463 3100 512 3156; x_wconf 91' lang='lat' dir='ltr'>est</span> <span class='ocrx_word' id='word_1_188' title='bbox 540 3095 659 3173; x_wconf 86' lang='lat' dir='ltr'>insula,</span> <span class='ocrx_word' id='word_1_189' title='bbox 690 3114 771 3176; x_wconf 92' lang='lat' dir='ltr'>quae</span> <span class='ocrx_word' id='word_1_190' title='bbox 801 3094 1013 3176; x_wconf 82' lang='lat' dir='ltr'>appellatura</span> 
     </span>
     <span class='ocr_line' id='line_1_29' title="bbox 72 3196 980 3280; baseline -0.004 -16"><span class='ocrx_word' id='word_1_191' title='bbox 72 3200 178 3280; x_wconf 85' lang='lat' dir='ltr'>Mona,</span> <span class='ocrx_word' id='word_1_192' title='bbox 204 3197 385 3279; x_wconf 81' lang='lat' dir='ltr'>complures</span> <span class='ocrx_word' id='word_1_193' title='bbox 407 3202 574 3278; x_wconf 87' lang='lat' dir='ltr'>praeterea</span> <span class='ocrx_word' id='word_1_194' title='bbox 589 3197 728 3259; x_wconf 86' lang='lat' dir='ltr'>minores</span> <span class='ocrx_word' id='word_1_195' title='bbox 743 3196 876 3258; x_wconf 90' lang='lat' dir='ltr'>insulae.</span> <span class='ocrx_word' id='word_1_196' title='bbox 900 3217 980 3260; x_wconf 90' lang='lat' dir='ltr'>non-</span> 
     </span>
     <span class='ocr_line' id='line_1_30' title="bbox 74 3297 980 3382; baseline -0.004 -17"><span class='ocrx_word' id='word_1_197' title='bbox 74 3299 151 3365; x_wconf 89' lang='lat' dir='ltr'>nulli</span> <span class='ocrx_word' id='word_1_198' title='bbox 191 3300 387 3382; x_wconf 88' lang='lat' dir='ltr'>scripserunt</span> <span class='ocrx_word' id='word_1_199' title='bbox 418 3297 487 3361; x_wconf 80' lang='lat' dir='ltr'>(lies</span> <span class='ocrx_word' id='word_1_200' title='bbox 520 3299 686 3362; x_wconf 91' lang='lat' dir='ltr'>continuos</span> <span class='ocrx_word' id='word_1_201' title='bbox 721 3300 852 3382; x_wconf 84' lang='lat' dir='ltr'>triginta</span> <span class='ocrx_word' id='word_1_202' title='bbox 894 3319 980 3380; x_wconf 81' lang='lat' dir='ltr'>esse3</span> 
     </span>
     <span class='ocr_line' id='line_1_31' title="bbox 75 3402 1016 3485; baseline -0.005 -15"><span class='ocrx_word' id='word_1_203' title='bbox 75 3427 131 3470; x_wconf 87' lang='lat' dir='ltr'>nos</span> <span class='ocrx_word' id='word_1_204' title='bbox 153 3405 235 3469; x_wconf 91' lang='lat' dir='ltr'>nihil</span> <span class='ocrx_word' id='word_1_205' title='bbox 257 3402 497 3485; x_wconf 89' lang='lat' dir='ltr'>reperiebamus</span> <span class='ocrx_word' id='word_1_206' title='bbox 520 3402 581 3464; x_wconf 90' lang='lat' dir='ltr'>nisi</span> <span class='ocrx_word' id='word_1_207' title='bbox 596 3402 760 3466; x_wconf 85' lang='lat' dir='ltr'>breviores</span> <span class='ocrx_word' id='word_1_208' title='bbox 777 3422 845 3464; x_wconf 88' lang='lat' dir='ltr'>esse</span> <span class='ocrx_word' id='word_1_209' title='bbox 860 3408 980 3465; x_wconf 86' lang='lat' dir='ltr'>noctes.</span> <span class='ocrx_word' id='word_1_210' title='bbox 1003 3435 1016 3472; x_wconf 76' lang='lat'>4</span> 
     </span>
    </p>
   </div>
   <div class='ocr_carea' id='block_1_3' title="bbox 0 0 1190 3892">
    <p class='ocr_par' dir='ltr' id='par_1_4' title="bbox 0 0 1190 3892">
     <span class='ocr_line' id='line_1_32' title="bbox 0 0 1190 3892; baseline 0 0"><span class='ocrx_word' id='word_1_211' title='bbox 0 0 1190 3892; x_wconf 95' lang='lat' dir='ltr'> </span> 
     </span>
    </p>
   </div>
  </div>
 </body>
</html>
