2332 3892
506 273 568 324 vu.
595 273 671 322 4—5.
972 273 1031 334 157

129 465 264 527 cumque
287 444 363 525 adit,
387 443 428 508 ad
451 465 540 508 suam
564 445 754 510 sententiam
776 443 937 530 perducit;
960 445 1035 508 hor·
1057 473 1070 508 4

126 555 221 629 tatur,
244 555 280 612 ut
303 570 390 612 arma
415 549 556 632 capiant,
578 549 767 633 magnisque
791 548 910 612 coactis
934 547 1034 631 copiis

128 651 329 716 adversarios
366 673 440 716 suos
472 653 623 736 expellit:
654 672 714 715 rex
745 651 785 715 ab
821 651 887 714 suis
925 651 1034 735 appel·

126 756 219 819 latur.
260 755 390 818 dimittit
406 775 533 839 quoque
550 775 661 820 versus
674 755 870 838 legationes3
895 753 1035 818 obtesta·
1057 781 1068 817 a

126 865 193 939 tur,
222 864 259 921 ut
281 859 314 920 in
336 856 399 921 fide
421 865 581 921 maneant.
628 859 775 921 celeriter
797 857 857 921 sibi
880 856 1033 939 Senones,
1056 883 1068 921 c

125 960 277 1042 Parisios,
299 960 461 1038 Pictones,
487 961 664 1044 Cadurcos,
687 961 843 1042 Turonos,
865 958 1034 1042 Aulercos,

125 1063 327 1147 Lemovices,
349 1063 464 1129 Andos
486 1065 691 1148 reliquosque
715 1084 836 1144 omnes,
860 1064 915 1146 qui
933 1063 1034 1128 Ocea·

124 1190 202 1233 num
232 1169 417 1253 adtingunt,
447 1169 609 1253 adiungit3
641 1169 783 1233 omnium
813 1187 970 1230 consensu
993 1157 1053 1231 ad‘

126 1292 200 1336 eum
224 1271 366 1336 defertur
388 1272 568 1355 imperium.
612 1270 758 1335 omnibus
780 1271 831 1334 his
855 1271 1034 1334 civitatibus
1057 1294 1069 1333 r

126 1374 257 1439 obsides
286 1376 438 1459 imperat,
469 1381 591 1438 certum
612 1394 780 1438 numerum
803 1373 956 1455 militum,
986 1396 1069 1438 ars

124 1497 253 1541 morum
275 1484 428 1561 quantum
457 1497 602 1562 quaeque
633 1477 784 1561 quodque
810 1484 884 1541 ante
907 1483 1034 1560 tempus

125 1579 261 1662 efficiat,
307 1579 486 1661 constituit;
531 1580 676 1664 inprimis
722 1580 877 1663 equitatui
915 1581 1033 1645 studet.

125 1703 269 1747 summae
301 1683 487 1768 diligentiae
517 1705 674 1748 summam
700 1686 905 1750 severitatem
928 1685 1069 1769 addit;o

125 1808 199 1852 nam
221 1788 344 1852 maiore
375 1789 546 1854 commisso
577 1789 694 1853 delicto
723 1789 792 1873 igni
814 1794 909 1872 atque
933 1791 1034 1853 omni·
1043 1818 1068 1858 ro

124 1889 183 1954 bus
214 1891 384 1955 tormentis
414 1897 522 1973 necat,
554 1891 676 1955 leviore
709 1890 749 1954 de
780 1912 875 1954 causa
905 1893 1034 1956 auribus

125 1993 265 2059 desectis
295 2001 350 2083 aut
378 1994 511 2078 singulis
539 1994 665 2059 effossis
696 1994 796 2058 oculis
824 1993 956 2058 domum
985 2016 1035 2059 re·

126 2099 233 2179 mittit,
256 2103 292 2161 ut
315 2098 378 2162 sint
398 2099 530 2182 reliquis
554 2098 758 2164 documento.

187 2200 229 2264 V.
260 2199 447 2266 Lucterium
471 2201 668 2285 Cadurcum,
699 2223 841 2267 summae
870 2203 1068 2276 hominem1

125 2304 288 2387 audaciae,
313 2327 385 2369 cum
407 2313 498 2390 parte
521 2308 686 2391 copiarum
708 2309 741 2372 in
758 2307 905 2372 Rutenos
921 2307 1034 2389 mittit3

125 2409 193 2493 ipse
230 2409 265 2472 in
302 2409 464 2493 Bituriges
508 2411 729 2495 proficiscitur.
786 2411 853 2473 eius
895 2409 1069 2482 adventu2

124 2510 288 2597 Bituriges
311 2513 353 2578 ad
374 2512 526 2596 Aeduos,
557 2534 693 2598 quorum
716 2522 807 2580 erant
828 2514 966 2599 infide,
989 2517 1035 2580 le·

125 2621 216 2699 gatos
249 2616 379 2681 mittrmt
420 2617 597 2682 subsidium
638 2625 797 2703 rogatum.
851 2616 960 2682 Aedui
994 2618 1068 2686 dec

125 2719 258 2783 consilio
291 2719 488 2803 legatorum,
520 2739 601 2803 quos
637 2720 755 2785 Caesar
786 2720 828 2785 ad
858 2722 1036 2785 exercitum

125 2821 307 2905 reliquerat,
332 2824 439 2906 copias
463 2824 623 2906 equitatus
640 2824 866 2910 peditatusque
882 2825 1035 2908 Biturigi·

125 2921 183 2986 bus
204 2924 347 2988 mittunt.
385 2925 440 3008 qui
465 2947 537 2989 cum
560 2926 600 2991 ad
622 2929 743 2992 flumen
764 2928 908 3012 Ligerim
929 2929 1066 2996 venis-c

127 3033 212 3109 sent,
244 3026 332 3109 quod
355 3026 519 3111 Bituriges
549 3029 588 3092 ab
611 3028 736 3094 Aeduis
760 3030 891 3110 dividit,
914 3050 1033 3113 paucos

127 3129 193 3194 dies
216 3130 262 3194 ibi
285 3131 401 3194 morati
422 3149 528 3214 neque
547 3132 680 3195 transire
697 3133 767 3196 ausi
783 3132 914 3195 domum
928 3152 1034 3195 rever·

127 3237 233 3297 turtur
254 3232 434 3316 legatisque
456 3235 655 3298 renuntiant:
686 3256 730 3316 ,se
753 3235 936 3318 Biturigum
962 3256 1068 3319 per-s

127 3334 233 3399 fidiam
255 3335 376 3400 veritos
390 3337 581 3400 revertisse:
606 3339 720 3421 quibus
735 3338 769 3402 id
786 3338 911 3403 consilii
925 3338 1034 3418 luisse,

128 3443 171 3519 ut,
191 3440 218 3502 si
240 3440 361 3503 flumen
382 3441 578 3515 transissent,
601 3463 665 3505 una
686 3443 757 3526 ipsi,
781 3442 881 3504 altera
895 3439 1034 3505 Arverni
