2332 3892
207 247 266 308 106
580 244 613 292 v.
641 245 750 294 13-16.

170 439 182 476 s
203 419 297 481 huius
315 423 362 481 est
378 416 546 502 longitudo
559 417 677 495 lateris,
694 416 970 500 septingentorum
980 418 1114 482 milium.

170 522 334 584 stertium
362 528 410 584 est
440 527 550 585 contra
581 520 831 602 septentriones3
869 521 919 583 cui
947 522 1037 585 nulla
1066 528 1116 585 est

205 626 331 689 obiecta
361 632 460 704 terra,
493 624 549 687 sed
578 624 717 687 maxime
743 623 949 688 Germaniam
973 631 1114 707 spectat:

203 730 278 792 huic
307 729 396 791 milia
426 748 578 810 passuum
608 726 792 808 octingenta
813 725 846 787 in
868 726 1115 809 longitudinem.

170 851 181 888 τ
202 832 248 895 ita
271 831 373 895 omnis
396 831 500 894 insula
523 836 571 893 est
600 829 633 891 in
662 828 794 891 circuitu
822 829 921 892 vicies
945 853 962 893 c
991 831 1116 896 milium

205 955 368 1017 passuum.

170 1057 180 1095 1
268 1036 359 1100 XIV.
383 1036 435 1100 Ex
449 1036 499 1099 his
516 1035 661 1098 omuibus
676 1036 774 1118 longe
790 1042 863 1098 sunt
879 1036 1114 1119 humanissimi,

204 1141 257 1223 qui
283 1138 431 1202 Cantium
458 1139 617 1219 incolunt,
646 1158 749 1220 neque
780 1139 914 1201 multum
947 1160 967 1201 a
991 1139 1117 1204 Gallica

170 1243 356 1305 rdifferunt
392 1240 632 1304 consuetudine.
677 1240 845 1303 interiores
874 1241 1020 1323 plerique
1051 1242 1116 1306 fru-

204 1352 312 1408 menta
333 1366 398 1408 non
422 1351 541 1425 serunt,
565 1343 623 1406 sed
644 1344 728 1406 lacte
752 1349 785 1406 et
807 1363 900 1406 carne
919 1343 1032 1407 vivunt
1046 1346 1117 1427 pel·

203 1449 348 1530 libusque
378 1453 451 1510 sunt
480 1446 598 1510 vestiti.
643 1466 754 1510 omnes
789 1455 866 1510 vero
904 1466 938 1509 sc
967 1447 1117 1512 Britanni

203 1555 286 1616 vitro
319 1552 461 1615 inficiunt
491 1549 591 1633 (quod
622 1551 803 1613 caeruleum
836 1549 932 1612 efficit
956 1550 1115 1616 colorem:

169 1661 299 1738 satque
330 1655 392 1718 hoc
422 1653 618 1717 horridiores
650 1659 723 1716 sunt
755 1653 788 1717 in
818 1673 928 1736 pugna
966 1653 1116 1737 aspectu)

206 1758 385 1840 capilloque
410 1762 483 1819 sunt
504 1756 662 1838 promisso
693 1762 787 1838 atque
818 1756 904 1819 omni
926 1763 1018 1839 parte
1047 1779 1117 1822 cor·

203 1862 291 1944 poris
324 1881 396 1922 rasa
426 1865 554 1942 praeter
593 1865 688 1941 caput
724 1863 755 1920 et
792 1857 917 1921 labrum
958 1861 1116 1943 superius.

170 1995 181 2033 1
268 1962 342 2026 XV.
380 1962 513 2046 Equites
537 1961 755 2043 essedariique
783 1962 897 2025 acriter
926 1983 999 2025 cum
1028 1965 1117 2047 equi·

203 2072 272 2131 tatu
307 2072 417 2130 nostro
457 2065 684 2144 conflixerunt,
719 2065 765 2127 ita
801 2071 909 2128 tamen
946 2072 982 2128 ut
1013 2068 1118 2131 nostri

205 2169 351 2234 omnibus
374 2168 516 2251 partibus
540 2168 720 2250 superiores
742 2166 860 2230 fuerint
883 2175 978 2250 atque
1003 2189 1060 2233 eos
1083 2171 1117 2233 in

170 2274 300 2342 2silvas
332 2272 493 2354 collesque
524 2271 745 2355 compulerint.
799 2276 830 2333 at
864 2271 911 2333 illi
942 2271 1117 2354 inpruden-

202 2377 289 2439 tibus
312 2375 429 2439 nostris
452 2374 557 2438 subito
589 2394 623 2437 se
647 2374 809 2438 eiecerunt
831 2375 1005 2458 inpetuque
1029 2376 1116 2442 facto

205 2478 391 2560 duabusque
420 2476 526 2538 missis
559 2476 701 2540 subsidio
736 2477 920 2541 cohortibus
949 2484 1044 2560 atque
1077 2480 1116 2543 iis

204 2582 314 2665 primis
337 2581 502 2664 legionum
532 2579 679 2662 duarum,
709 2603 782 2644 cum
809 2583 987 2665 perexiguo
1017 2583 1117 2647 inter·

205 2686 303 2748 misso
325 2684 389 2747 loci
419 2683 521 2765 spatio
551 2684 783 2767 constitissent,
812 2687 991 2769 proterritis
1018 2686 1117 2751 auda·

206 2790 332 2853 cissime
355 2793 567 2870 perruperunt
590 2808 688 2871 seque
711 2790 889 2853 incolumes
913 2799 1115 2874 receperunt.

171 2919 183 2957 s
206 2913 244 2954 eo
269 2891 321 2953 die
338 2889 375 2963 Q.
390 2889 546 2952 Laberius
561 2889 669 2953 Durus
692 2892 836 2956 tribunus
858 2893 996 2956 militum
1018 2895 1117 2958 inter·

207 2992 322 3055 ficitur.

171 3122 183 3160 1
270 3094 363 3159 XVI.
399 3095 479 3159 Oum
510 3097 567 3159 sub
600 3098 699 3160 oculis
730 3098 872 3161 omnium
900 3098 1116 3183 dimicaretur,

206 3201 405 3263 intellectum
429 3205 477 3262 est
498 3206 642 3280 nostros,
673 3199 760 3283 quod
788 3221 892 3284 neque
915 3202 1041 3285 insequi
1065 3224 1116 3267 ce·

207 3302 320 3364 dentes
342 3306 475 3384 possent
498 3322 601 3385 neque
624 3302 664 3365 ab
688 3303 787 3386 signis
810 3303 987 3386 discedere,
1011 3307 1115 3370 minus

171 3412 299 3488 raptos
329 3426 415 3486 csse,
448 3405 571 3488 equites
600 3412 708 3469 autem
737 3427 853 3489 magno
878 3428 950 3471 cum
971 3411 1115 3494 periculo
