2332 3892
557 841 702 916 LIBER
728 841 775 914 ΙΙ.

179 1044 190 1085 1
277 1011 303 1074 Ι.
329 1011 409 1077 Cum
426 1017 512 1077 esset
528 1011 646 1076 Caesar
662 1012 694 1074 in
711 1010 859 1074 citeriore
882 1009 996 1090 Gallia,
1015 1011 1119 1074 crebri

212 1135 357 1179 rumores
396 1115 620 1179 adferebantur
657 1113 833 1197 litterisque
870 1115 948 1176 item
984 1114 1119 1178 Labieni

213 1221 330 1284 certior
349 1219 445 1283 fiebat
468 1239 590 1300 ,omnes
606 1217 725 1300 Belgas
748 1224 858 1281 contre
880 1218 1033 1302 populum
1050 1218 1118 1282 Ro·

213 1344 342 1386 manum
387 1323 552 1386 coniurare
597 1320 789 1405 obsidesque
835 1322 919 1385 inter
955 1343 989 1387 se
1031 1322 1117 1388 dare.

178 1447 191 1485 r
215 1425 400 1488 coniurandi
423 1426 479 1488 has
504 1446 574 1488 esse
595 1445 724 1488 causas:
747 1424 893 1508 primum,
921 1423 1008 1508 quod
1027 1447 1118 1490 vere-

178 1550 190 1588 e
213 1535 331 1610 rentur,
357 1548 397 1592 ne
426 1529 585 1592 exereitus
609 1524 849 1608 adduceretur,
874 1525 1007 1609 deinde,
1032 1529 1118 1612 quod

212 1632 251 1695 ab
283 1631 443 1694 nonnullis
476 1630 576 1694 Gallis
610 1631 871 1713 sollicitarentur,
899 1631 1015 1714 partim
1054 1632 1118 1716 qui,

212 1739 248 1796 ut
293 1732 470 1797 Germanos
514 1732 632 1796 diutius
674 1734 707 1797 in
752 1732 856 1796 Gallia
898 1735 1036 1816 versari,
1075 1737 1120 1799 ita

213 1837 387 1901 exereitum
421 1837 562 1900 hiemare
591 1842 685 1919 etque
717 1837 951 1901 inveterascere
981 1838 1119 1902 moleste

211 1940 373 2022 ferebant,
394 1940 510 2024 partim
534 1939 587 2023 qui
613 1938 790 2002 mobilitate
813 1943 846 2002 et
867 1940 998 2004 levitate
1022 1941 1119 2005 animi

177 2043 304 2106 enoris
342 2041 482 2126 imperiis
519 2040 703 2121 studebant3
742 2039 781 2104 ab
821 2042 981 2105 nonnullis
1022 2043 1119 2107 etiam

211 2146 456 2231 potentioribus,
479 2146 533 2228 qui
555 2144 596 2208 ad
612 2142 838 2207 conducendos
858 2143 1004 2208 homines
1019 2145 1119 2210 lacul-

211 2256 294 2314 tates
327 2248 501 2330 habebant,
533 2249 630 2330 vulgo
654 2268 754 2331 regne
782 2248 1034 2331 occupabantur,
1065 2250 1119 2334 qui

211 2354 316 2415 minus
342 2351 434 2414 facile
464 2371 535 2414 eam
564 2371 632 2413 rem
661 2349 795 2433 imperio
825 2356 935 2414 nostro
966 2354 1119 2436 consequi

212 2459 372 2538 poterant.

180 2592 190 2629 1
277 2557 322 2620 II.
351 2557 412 2619 His
443 2556 560 2619 nuntiis
590 2555 767 2640 litterisque
797 2563 975 2621 commotus
1000 2557 1118 2623 Caesar

216 2661 293 2723 duas
311 2660 454 2742 legiones
472 2659 506 2722 in
527 2659 674 2722 citeriore
696 2659 799 2722 Gallie
814 2681 913 2724 novas
931 2662 1119 2746 conscripsit

215 2771 247 2828 et
271 2768 402 2844 aestate,
427 2762 459 2825 in
478 2762 665 2826 ulteriorem
694 2763 831 2827 Galliam
854 2766 907 2849 qui
933 2766 1118 2849 deduceret,

179 2890 191 2926 2
216 2868 253 2941 Q.
273 2867 410 2932 Pedium
432 2868 574 2949 legatum
591 2867 685 2931 misit.
719 2869 797 2952 ipse,
822 2889 892 2931 oum
910 2870 1047 2952 primum
1062 2891 1118 2954 pa-

179 2993 191 3030 s
214 2971 280 3033 buli
296 2971 389 3053 copia
404 2991 473 3032 esse
490 2969 653 3052 inciperet,
677 2970 718 3032 ad
735 2971 912 3034 exercitum
934 2973 1031 3035 venit.
1066 2972 1119 3036 dat

214 3075 382 3156 negotium
398 3073 576 3136 Senonibus
592 3073 784 3156 reliquisque
799 3072 910 3154 Gallis,
926 3075 980 3158 qui
995 3074 1120 3138 finitimi

216 3178 326 3261 Belgis
349 3183 453 3258 erent,
476 3176 537 3257 uti,
560 3197 640 3260 quae
664 3176 748 3260 apud
773 3197 828 3240 eos
851 3183 1020 3260 gerantur,
1043 3197 1118 3261 cog-

178 3305 191 3343 4
215 3286 349 3344 noscant
364 3301 460 3364 seque
478 3279 646 3343 certiorem
660 3280 785 3344 faciant.
815 3287 997 3345 constanter
1009 3302 1119 3345 omnes
1154 3278 1155 3281 '

179 3407 191 3446 s
216 3383 441 3447 nuntiaverunt
463 3403 574 3445 manus
597 3383 678 3466 cogi.
717 3390 785 3447 tum
807 3404 884 3448 vero
910 3383 1119 3448 dubitandum
