2332 3892
421 238 470 288 1v.
498 201 610 288 aa-ar.
932 239 973 301 95

65 409 343 491 perturbaverant,
366 409 461 473 simul
484 410 627 494 equitatu
650 417 745 493 atque
769 409 891 473 essedis
915 412 973 474 cir·

65 511 302 576 cumdederant.

125 615 289 680 XXXIH.
333 617 444 682 Genus
466 618 537 682 hoc'
551 624 600 681 est
623 637 665 680 ex
689 616 812 681 essedis
833 630 972 702 pugnae.
995 637 1007 676 1

61 721 165 802 primo
188 740 248 803 per
271 741 382 785 omnes
404 726 512 804 partes
535 721 738 803 perequitant
757 728 789 785 et
804 722 870 785 tela
885 724 973 787 coni·

63 824 150 886 ciunt
173 830 269 906 atque
292 825 364 908 ipso
388 832 510 889 terrore
535 844 690 908 equorum
712 832 745 888 et
768 826 904 909 strepitu
920 848 973 890 ro-

61 935 165 991 tarum
189 927 318 992 ordines
340 929 529 1012 plerumque
552 928 741 1011 perturbant
763 935 811 1009 et,
844 949 916 992 cum
939 951 973 993 se

60 1034 145 1097 iuter
175 1033 319 1114 equitum
347 1038 467 1095 turmas
495 1032 750 1112 insinuaverunt,
781 1052 823 1095 ex
852 1034 974 1097 essedis

62 1136 215 1199 desiliunt
246 1142 278 1198 et
308 1135 515 1219 proeliantur.
558 1136 687 1219 aurigae
720 1136 849 1200 interim
880 1157 1008 1201 exce-r

62 1239 142 1302 dunt
165 1245 261 1321 atque
284 1239 330 1301 ita
353 1239 568 1320 conlocantur,
591 1245 636 1320 ut,
660 1239 686 1301 si
708 1239 755 1302 illi
778 1246 974 1323 premantur,

62 1340 253 1426 expeditum
270 1336 449 1425 receptum
486 1342 636 1405 habeant.
679 1342 725 1405 ita
761 1343 1008 1408 mobilitatems

63 1446 224 1528 equitum,
257 1444 464 1509 stabilitatem
492 1445 638 1529 peditum
660 1453 824 1529 praestant
847 1469 883 1511 ac
905 1453 976 1512 tan·

61 1557 130 1613 turn
153 1570 216 1612 usu
239 1547 414 1613 cottidiano
438 1555 471 1613 et
494 1550 724 1614 exercitatione
748 1550 904 1631 efficiunt,
926 1552 975 1615 uti

61 1654 97 1717 in
112 1652 281 1736 praecipiti
294 1652 366 1716 loco
383 1652 531 1734 incitatos
550 1673 649 1736 equos
664 1653 821 1716 sustinere
838 1659 870 1716 et
882 1653 974 1716 brevi

61 1756 225 1820 moderari
241 1763 274 1819 et
288 1776 345 1839 per
354 1760 518 1819 temonem
531 1775 717 1839 percurrere
733 1764 765 1819 et
784 1756 818 1818 in
831 1756 908 1839 iugo
923 1757 973 1820 in·

62 1861 177 1923 sistere
193 1864 227 1921 et
240 1857 316 1922 inde
333 1879 441 1922 currus
457 1858 609 1921 citissime
621 1859 764 1941 recipere
781 1859 974 1923 consuerint.

130 1961 290 2025 XXXIV.
327 1960 526 2025 Perturbatis
541 1968 686 2044 tempore
704 1963 974 2045 opportunissimo
996 1986 1008 2024 1

64 2065 185 2130 Caesar
201 2065 357 2128 auxilium
371 2065 460 2128 tulit:
476 2085 613 2148 namque
630 2065 699 2127 eius
715 2063 856 2129 adventu
864 2066 974 2130 hostes

67 2170 291 2250 constiterunt,
313 2168 415 2232 nostri
438 2188 472 2231 se
495 2174 695 2251 receperunt.
741 2189 802 2252 quo
825 2170 909 2235 facto
933 2172 974 2235 ad
995 2193 1008 2230 r

63 2272 291 2337 lacessendum
313 2271 454 2334 alienum
477 2290 548 2333 esse
570 2275 698 2354 tempus
722 2271 892 2335 arbitratus
915 2295 973 2337 suo

63 2397 99 2440 se
121 2376 195 2440 loco
220 2375 376 2439 continuit
399 2380 432 2437 et
452 2373 544 2437 brevi
566 2382 712 2457 tempore
735 2375 916 2441 intermisso
941 2379 975 2443 in

64 2485 168 2543 castra
196 2478 343 2561 legiones
375 2476 476 2539 duxit.
520 2476 596 2539 dum
624 2477 705 2540 haec
734 2488 888 2561 geruntur
916 2500 1007 2546 n0-³

63 2582 137 2645 stris
162 2580 310 2645 omnibus
334 2581 506 2663 occupatis,
530 2581 584 2664 qui
603 2588 692 2644 erant
706 2583 830 2665 reliqui,
854 2584 973 2648 disces·

64 2691 184 2748 serunt.
222 2689 351 2747 secutae
374 2690 449 2746 sunt
471 2685 639 2748 continuos
663 2684 732 2748 dies
754 2693 973 2771 tempestates,
995 2714 1008 2751 ι

64 2808 146 2872 quae
169 2794 204 2850 et
223 2792 351 2851 nostros
375 2786 575 2850 continerent
604 2792 637 2849 et
664 2787 792 2852 hostem
822 2791 973 2872 prohibe·

63 2897 145 2955 rent.
190 2889 318 2953 interim
348 2889 475 2953 barbari
504 2891 633 2954 nuntios
661 2890 695 2954 iu
725 2913 835 2955 omnes
866 2901 1007 2976 partess

65 2992 256 3056 dimiserunt
278 2991 535 3075 paucitatemque
559 2993 694 3056 militum
709 2995 975 3076 praedicaverunt

65 3104 97 3161 et
119 3102 239 3180 quanta
260 3096 399 3179 praedae
421 3095 586 3160 faciendae
610 3104 704 3180 atque
727 3099 760 3162 in
781 3107 973 3182 perpetuum
1042 3182 1045 3187 ι

67 3201 114 3263 sui
141 3199 302 3263 liberandi
328 3199 461 3263 facultas
491 3200 636 3282 daretur,
666 3201 693 3264 si
721 3201 886 3268 Romanos
916 3225 972 3268 ex-

66 3303 233 3385 pulissent.
270 3301 321 3364 his
351 3302 446 3366 rebus
478 3301 624 3365 celeriter
656 3325 772 3386 magna
802 3305 973 3370 multitudo

67 3404 228 3487 peditatus
251 3405 472 3489 equitatusque
498 3412 607 3469 coacta
629 3406 669 3469 ad
694 3416 805 3471 castra.
